@article{Adeodu2020,
	title       = {An adaptive {Industrial} {Internet} of things ({IIOts}) based technology for prediction and control of cavitation in centrifugal pumps},
	volume      = {91},
	issn        = {2212-8271},
	url         = {https://www.sciencedirect.com/science/article/pii/S2212827120309240},
	doi         = {https://doi.org/10.1016/j.procir.2020.03.125},
	journal     = {Procedia CIRP},
	author      = {Adeodu, Adefemi and Daniyan, Ilesanmi and Omitola, Olusegun and Ejimuda, Chinoyelum and Agbor, Esoso and Akinola, Oluwole},
	year        = {2020},
	keywords    = {Environment\_Sound\_Recognition, Science\_Direct, Cavitation, corossion, impeller, internet of things, micro controller},
	pages       = {927--934},
}

@article{Ahmad2020,
	title       = {Environmental sound classification using optimum allocation sampling based empirical mode decomposition},
	volume      = {537},
	issn        = {0378-4371},
	url         = {https://www.sciencedirect.com/science/article/pii/S0378437119314955},
	doi         = {https://doi.org/10.1016/j.physa.2019.122613},
	journal     = {Physica A: Statistical Mechanics and its Applications},
	author      = {Ahmad, Saad and Agrawal, Shubham and Joshi, Samta and Taran, Sachin and Bajaj, Varun and Demir, Fatih and Sengur, Abdulkadir},
	year        = {2020},
	keywords    = {Environmental sound classification, Environment\_Sound\_Classification, Science\_Direct, Empirical mode decomposition, Extreme learning machine, Multi-class least squares support vector machine, Optimum allocation sampling},
	pages       = {122613},
}

@article{Ahmed2020,
	title       = {Automatic {Environmental} {Sound} {Recognition} ({AESR}) using convolutional neural network},
	volume      = {12},
	issn        = {2075017X},
	doi         = {10.5815/ijmecs.2020.05.04},
	number      = {5},
	journal     = {International Journal of Modern Education and Computer Science},
	author      = {Ahmed, Md Rayhan and Robin, Towhidul Islam and Shafin, Ashfaq Ali},
	year        = {2020},
	note        = {Publisher: Modern Education and Computer Science Press},
	keywords    = {Adam, AESR, artigo, Classification, CNN, Image, Log-Mel Spectrogram, MFCC, periodico, RAdam, Relu},
	pages       = {41--54},
}

@article{Alias2016,
	title       = {A review of physical and perceptual feature extraction techniques for speech, music and environmental sounds},
	volume      = {6},
	doi         = {10.3390/app6050143},
	number      = {5},
	journal     = {Applied Sciences},
	author      = {Alías, Francesc and Socoró, Joan Claudi and Sevillano, Xavier},
	year        = {2016},
	keywords    = {Feature extraction, SCOPUS, Review},
}

@article{Alli2022,
	title       = {Data {Augmentation} and {Deep} {Learning} {Methods} in {Sound} {Classification}: {A} {Systematic} {Review}},
	volume      = {11},
	issn        = {2079-9292},
	doi         = {10.3390/electronics11223795},
	number      = {22},
	journal     = {Electronics},
	author      = {Abayomi-Alli, Olusola O and Damaševičius, Robertas and Qazi, Atika and Adedoyin-Olowe, Mariam and Misra, Sanjay},
	year        = {2022},
	keywords    = {Deep learning, Data augmentation, SCOPUS, Review},
}

@article{Aubauer2001,
	title       = {Optimized second-order gradient microphone for hands-free speech recordings in cars},
	volume      = {34},
	url         = {https://linkinghub.elsevier.com/retrieve/pii/S0167639300000431},
	doi         = {10.1016/S0167-6393(00)00043-1},
	number      = {1-2},
	urldate     = {2023-05-06},
	journal     = {Speech Communication},
	author      = {Aubauer, Roland and Leckschat, Dieter},
	month       = apr,
	year        = {2001},
	pages       = {13--23},
}

@article{Aziz2019,
	title       = {Automatic scene recognition through acoustic classification for behavioral robotics},
	volume      = {8},
	issn        = {20799292},
	doi         = {10.3390/electronics8050483},
	number      = {5},
	journal     = {Electronics (Switzerland)},
	author      = {Aziz, Sumair and Awais, Muhammad and Akram, Tallha and Khan, Umar and Alhussein, Musaed and Aurangzeb, Khursheed},
	month       = may,
	year        = {2019},
	note        = {Publisher: MDPI AG},
	keywords    = {MFCC, Artigo, Periódico, Feature extraction, Robotics, Sound classification, Sound processing, Support vector machine},
}

@article{Bartsch2005,
	title       = {Audio thumbnailing of popular music using chroma-based representations},
	volume      = {7},
	doi         = {10.1109/TMM.2004.840597},
	number      = {1},
	journal     = {IEEE Transactions on Multimedia},
	author      = {Bartsch, M A and Wakefield, G H},
	year        = {2005},
	keywords    = {Multiple signal classification;Multimedia databases;Spatial databases;Pattern recognition;Costs;Speech;Redundancy;Time frequency analysis;Feature extraction;Multimedia systems;Audio summarization;chroma;feature extraction;musical structure;popular music},
	pages       = {96--104},
}

@article{Blackmann1958,
	title       = {The measurement of power spectra from the point of view of communications engineering — {Part} {I}},
	volume      = {37},
	doi         = {10.1002/j.1538-7305.1958.tb03874.x},
	number      = {1},
	journal     = {The Bell System Technical Journal},
	author      = {Blackman, R B and Tukey, J W},
	year        = {1958},
	keywords    = {IEEE\_Xplore},
	pages       = {185--282},
}

@article{Bountourakis2019,
	title       = {An {Enhanced} {Temporal} {Feature} {Integration} {Method} for {Environmental} {Sound} {Recognition}},
	volume      = {Volume 1, issue 2},
	issn        = {2624-599X},
	doi         = {10.3390/acoustics1020023},
	language    = {English},
	journal     = {Acoustics},
	author      = {Bountourakis, Vasileios and Vrysis, Lazaros and Konstantoudakis, Konstantinos and Vryzas, Nikolaos},
	year        = {2019},
	keywords    = {environmental sound recognition, classification, dataset, environmental sound, audio classification, semantic audio analysis, statistical feature integration, temporal feature integration},
	pages       = {410--422},
}

@article{Boztepe2022,
	title       = {An {Approach} for {Audio}-{Visual} {Content} {Understanding} of {Video} using {Multimodal} {Deep} {Learning} {Methodology}},
	journal     = {Sakarya University Journal of Computer and Information Sciences},
	author      = {Boztepe, Emre Beray and Karakaya, Bedirhan and Karasulu, Bahadir and Ünlü, İsmet},
	year        = {2022},
	keywords    = {Environment\_Sound\_Recognition, Semantic\_Scholar},
}

@article{Brambilla2020,
	title       = {Classification of urban road traffic noise based on sound energy and eventfulness indicators},
	volume      = {10},
	issn        = {20763417},
	doi         = {10.3390/app10072451},
	number      = {7},
	journal     = {Applied Sciences (Switzerland)},
	author      = {Brambilla, Giovanni and Benocci, Roberto and Confalonieri, Chiara and Roman, Hector Eduardo and Zambon, Giovanni},
	month       = apr,
	year        = {2020},
	note        = {Publisher: MDPI AG},
	keywords    = {Artigo, Periódico, Noise events, Road classification, Urban road traffic noise},
}

@article{Branding2023,
	title       = {Towards noise robust acoustic insect detection: from the lab to the greenhouse},
	doi         = {10.1007/s13218-023-00812-x},
	journal     = {KI - Kunstliche Intelligenz},
	author      = {Branding, Jelto and von Hörsten, Dieter and Wegener, Jens Karl and Böckmann, Elias and Hartung, Eberhard},
	year        = {2023},
	keywords    = {SCOPUS},
}

@article{Brdnik2022,
	title       = {Intelligent {User} {Interfaces} and {Their} {Evaluation}: {A} {Systematic} {Mapping} {Study}},
	volume      = {22},
	issn        = {1424-8220},
	url         = {https://www.mdpi.com/1424-8220/22/15/5830},
	doi         = {10.3390/s22155830},
	number      = {15},
	journal     = {Sensors},
	author      = {Brdnik, Saša and Heričko, Tjaša and Šumak, Boštjan},
	month       = aug,
	year        = {2022},
	note        = {Publisher: MDPI},
	keywords    = {PEL214, projeto\_IHC, evaluation, intelligent user interfaces, IUI, usability, user experience},
	pages       = {5830},
}

@article{Breiman2001,
	title       = {Random {Forests}},
	volume      = {45},
	issn        = {1573-0565},
	url         = {https://doi.org/10.1023/A:1010933404324},
	doi         = {10.1023/A:1010933404324},
	number      = {1},
	journal     = {Machine Learning},
	author      = {Breiman, Leo},
	year        = {2001},
	pages       = {5--32},
}

@article{Castillejo2014,
	title       = {Modelling users, context and devices for adaptive user interface systems},
	volume      = {10},
	issn        = {1742-7371},
	url         = {https://www.emerald.com/insight/content/doi/10.1108/IJPCC-09-2013-0028/full/html},
	doi         = {10.1108/IJPCC-09-2013-0028},
	number      = {1},
	journal     = {International Journal of Pervasive Computing and Communications},
	author      = {Castillejo, Eduardo and Almeida, Aitor and López-de-Ipiña, Diego},
	editor      = {Liming Luke Chen, Dr Rene Mayrhofer, Prof},
	month       = apr,
	year        = {2014},
	note        = {Publisher: Emerald Group Publishing Ltd.},
	keywords    = {PEL214, projeto\_IHC, Adaptive user interfaces, Context modelling, Context-aware computing, Context-aware systems, Mobile applications, Mobile computing, Pervasive computing, User adaptability, User modelling},
	pages       = {69--91},
}

@article{Cesur2020,
	title       = {Data logging variables and speech perception in prelingually deafened pediatric cochlear implant users},
	volume      = {133},
	issn        = {0165-5876},
	url         = {https://www.sciencedirect.com/science/article/pii/S0165587620301464},
	doi         = {https://doi.org/10.1016/j.ijporl.2020.110003},
	journal     = {International Journal of Pediatric Otorhinolaryngology},
	author      = {Cesur, Sıdıka and Yüksel, Mustafa and Çiprut, Ayça},
	year        = {2020},
	keywords    = {Cochlear implant, Data logging, Environment\_Sound\_Classification, Listening environment, Science\_Direct, Speech recognition},
	pages       = {110003},
}

@article{Chin2001,
	title       = {Empirical {Evaluation} of {User} {Models} and {User}-{Adapted} {Systems}},
	volume      = {11},
	issn        = {1573-1391},
	url         = {https://doi.org/10.1023/A:1011127315884},
	doi         = {10.1023/A:1011127315884},
	number      = {1},
	journal     = {User Modeling and User-Adapted Interaction},
	author      = {Chin, David N},
	year        = {2001},
	keywords    = {PEL214},
	pages       = {181--194},
}

@article{Chu2023,
	title       = {A {CNN} {Sound} {Classification} {Mechanism} {Using} {Data} {Augmentation}},
	volume      = {23},
	doi         = {10.3390/s23156972},
	number      = {15},
	journal     = {Sensors},
	author      = {Chu, H.-C. and Zhang, Y.-L. and Chiang, H.-C.},
	year        = {2023},
	keywords    = {CNN, Data augmentation, SCOPUS, ESR},
}

@article{DavisMermelstein1980,
	title       = {Comparison of parametric representations for monosyllabic word recognition in continuously spoken sentences},
	volume      = {28},
	issn        = {0096-3518},
	doi         = {10.1109/TASSP.1980.1163420},
	number      = {4},
	journal     = {IEEE Transactions on Acoustics, Speech, and Signal Processing},
	author      = {Davis, S and Mermelstein, P},
	year        = {1980},
	keywords    = {Semantic\_Scholar},
	pages       = {357--366},
}

@article{Dong2020,
	title       = {Environment {Sound} {Event} {Classification} {With} a {Two}-{Stream} {Convolutional} {Neural} {Network}},
	volume      = {8},
	journal     = {IEEE Access},
	author      = {Dong, Xifeng and Yin, Bo and Cong, Yanping and Du, Zehua and Huang, Xianqing},
	year        = {2020},
	keywords    = {Environment\_Sound\_Classification, Semantic\_Scholar},
	pages       = {125714--125721},
}

@article{Fan2020,
	title       = {Deep neural network based environment sound classification and its implementation on hearing aid app},
	volume      = {159},
	issn        = {0263-2241},
	doi         = {10.1016/j.measurement.2020.107790},
	language    = {English},
	journal     = {MEASUREMENT},
	author      = {Fan, Xiaoqian and Sun, Tianyi and Chen, Wenzhi and Fan, Quanfang},
	month       = jul,
	year        = {2020},
	note        = {Publisher: ELSEVIER SCI LTD},
}

@article{Fan2020a,
	title       = {The application design of hearing aid parameters auto adaptive system for hearing impaired children based on android terminal},
	journal     = {2020 International Conference on Information Science and Education (ICISE-IE)},
	author      = {Fan, Xiaoqian and Chen, Wenzhi and Fan, Quanfang and Sun, Tianyi},
	year        = {2020},
	keywords    = {Environment\_Sound\_Classification, Semantic\_Scholar},
	pages       = {241--245},
}

@article{Farahani2022,
	title       = {A spatially based machine learning algorithm for potential mapping of the hearing senses in an urban environment},
	volume      = {80},
	issn        = {22106707},
	doi         = {10.1016/j.scs.2022.103675},
	journal     = {Sustainable Cities and Society},
	author      = {Farahani, Mahsa and Razavi-Termeh, Seyed Vahid and Sadeghi-Niaraki, Abolghasem},
	month       = may,
	year        = {2022},
	note        = {Publisher: Elsevier Ltd},
	keywords    = {Artigo, Periódico, Machine learning, Sense of hearing, Spatial modeling, Urban environment},
}

@article{Friedman1997,
	title       = {Bayesian {Network} {Classifiers}},
	volume      = {29},
	doi         = {10.1023/A:1007465528199},
	number      = {2},
	journal     = {Machine Learning},
	author      = {Friedman, Nir and Geiger, Dan and Goldszmidt, Moises},
	month       = nov,
	year        = {1997},
	pages       = {131--163},
}

@article{Fukuyama2022,
	title       = {Identification of {Respiratory} {Sounds} {Collected} from {Microphones} {Embedded} in {Mobile} {Phones}},
	volume      = {11},
	doi         = {10.14326/abe.11.58},
	journal     = {Advanced Biomedical Engineering},
	author      = {Fukuyama, Keita and Sugiyama, Osamu and Chin, Kazuo and Satou, Susumu and Matsumoto, Shigemi and Muto, Manabu},
	year        = {2022},
	keywords    = {SCOPUS},
	pages       = {58 -- 67},
}

@article{GarciaCeja2019,
	title       = {User-adaptive models for activity and emotion recognition using deep transfer learning and data augmentation},
	volume      = {30},
	issn        = {0924-1868},
	url         = {http://link.springer.com/10.1007/s11257-019-09248-1},
	doi         = {10.1007/s11257-019-09248-1},
	number      = {3},
	journal     = {User Modeling and User-Adapted Interaction},
	author      = {Garcia-Ceja, Enrique and Riegler, Michael and Kvernberg, Anders K. and Torresen, Jim},
	month       = jul,
	year        = {2020},
	keywords    = {PEL214, projeto\_IHC},
	pages       = {365--393},
}

@article{Hidayat2021,
	title       = {Convolutional {Neural} {Networks} for {Scops} {Owl} {Sound} {Classification}},
	volume      = {179},
	issn        = {1877-0509},
	url         = {https://www.sciencedirect.com/science/article/pii/S1877050920324492},
	doi         = {https://doi.org/10.1016/j.procs.2020.12.010},
	journal     = {Procedia Computer Science},
	author      = {Hidayat, Alam Ahmad and Cenggoro, Tjeng Wawan and Pardamean, Bens},
	year        = {2021},
	keywords    = {Environment\_Sound\_Classification, Science\_Direct, acoustic features, bird sound classification, convolutional neural network, mean average precision, scops owl},
	pages       = {81--87},
}

@article{Hinton2006,
	title       = {A {Fast} {Learning} {Algorithm} for {Deep} {Belief} {Nets}},
	volume      = {18},
	issn        = {0899-7667},
	doi         = {10.1162/neco.2006.18.7.1527},
	number      = {7},
	journal     = {Neural Computation},
	author      = {Hinton, Geoffrey E and Osindero, Simon and Teh, Yee-Whye},
	month       = feb,
	year        = {2006},
	pages       = {1527--1554},
}

@article{Ho2020,
	title       = {Avoid {Oversimplifications} in {Machine} {Learning}: {Going} beyond the {Class}-{Prediction} {Accuracy}},
	volume      = {1},
	issn        = {26663899},
	doi         = {10.1016/j.patter.2020.100025},
	number      = {2},
	journal     = {Patterns},
	author      = {Ho, Sung Yang and Wong, Limsoon and Goh, Wilson Wen Bin},
	month       = may,
	year        = {2020},
	note        = {Publisher: Cell Press},
	keywords    = {PEL307, artificial intelligence, data science, DSML 5: Mainstream: Data science output is well understood and (nearly) universally adopted, machine learning, validation},
	pages       = {100025},
}

@article{Hossin2015,
	title       = {A {Review} {On} {Evaluation} {Metrics} {For} {Data} {Classification} {Evaluations}},
	volume      = {5},
	doi         = {10.5121/ijdkp.2015.5201},
	journal     = {International Journal of Data Mining \& Knowledge Management Process},
	author      = {Hossin, M and Sulaiman, M. N.},
	year        = {2015},
	pages       = {1--11},
}

@article{Hussain2018,
	title       = {Model-based adaptive user interface based on context and user experience evaluation},
	volume      = {12},
	issn        = {1783-7677},
	url         = {http://link.springer.com/10.1007/s12193-018-0258-2},
	doi         = {10.1007/s12193-018-0258-2},
	number      = {1},
	journal     = {Journal on Multimodal User Interfaces},
	author      = {Hussain, Jamil and Ul Hassan, Anees and Muhammad Bilal, Hafiz Syed and Ali, Rahman and Afzal, Muhammad and Hussain, Shujaat and Bang, Jaehun and Banos, Oresti and Lee, Sungyoung},
	month       = mar,
	year        = {2018},
	keywords    = {PEL214, projeto\_IHC},
	pages       = {1--16},
}

@article{Inik2023,
	title       = {{CNN} hyper-parameter optimization for environmental sound classification},
	volume      = {202},
	issn        = {0003-682X},
	url         = {https://www.sciencedirect.com/science/article/pii/S0003682X22005424},
	doi         = {https://doi.org/10.1016/j.apacoust.2022.109168},
	journal     = {Applied Acoustics},
	author      = {İnik, Özkan},
	year        = {2023},
	keywords    = {CNN, Science\_Direct, ESR, Not\_in\_related\_work},
	pages       = {109168},
}

@article{Jeantet2023,
	title       = {Improving deep learning acoustic classifiers with contextual information for wildlife monitoring},
	volume      = {77},
	doi         = {10.1016/j.ecoinf.2023.102256},
	journal     = {Ecological Informatics},
	author      = {Jeantet, Lorène and Dufourq, Emmanuel},
	year        = {2023},
	keywords    = {SCOPUS},
}

@article{Lamrini2023,
	title       = {Evaluating the {Performance} of {Pre}-{Trained} {Convolutional} {Neural} {Network} for {Audio} {Classification} on {Embedded} {Systems} for {Anomaly} {Detection} in {Smart} {Cities}},
	volume      = {23},
	doi         = {10.3390/s23136227},
	number      = {13},
	journal     = {Sensors},
	author      = {Lamrini, M and Chkouri, M Y and Touhafi, A},
	year        = {2023},
	keywords    = {CNN, SCOPUS, Anomaly detection, ESR, Embedded system},
}

@article{Lecun1998,
	title       = {Gradient-based learning applied to document recognition},
	volume      = {86},
	doi         = {10.1109/5.726791},
	number      = {11},
	journal     = {Proceedings of the IEEE},
	author      = {Lecun, Y and Bottou, L and Bengio, Y and Haffner, P},
	year        = {1998},
	keywords    = {IEEE\_Xplore},
	pages       = {2278--2324},
}

@article{Lhoest2021,
	title       = {{MosAIc}: {A} classical machine learning multi-classifier based approach against deep learning classifiers for embedded sound classification},
	volume      = {11},
	doi         = {10.3390/app11188394},
	number      = {18},
	journal     = {Applied Sciences (Switzerland)},
	author      = {Lhoest, L. and Lamrini, M. and Vandendriessche, J. and Wouters, N. and da Silva, B. and Chkouri, M.Y. and Touhafi, A.},
	year        = {2021},
	keywords    = {Machine learning, SCOPUS, ESR, Embedded system},
}

@article{Li2018,
	title       = {An ensemble stacked convolutional neural network model for environmental event sound recognition},
	volume      = {8},
	doi         = {10.3390/app8071152},
	number      = {7},
	journal     = {Applied Sciences (Switzerland)},
	author      = {Li, Shaobo and Yao, Yong and Hu, Jie and Liu, Guokai and Yao, Xuemei and Hu, Jianjun},
	year        = {2018},
	keywords    = {CNN, SCOPUS, ESR},
}

@article{Li2020,
	title       = {Statistical {Hypothesis} {Testing} versus {Machine} {Learning} {Binary} {Classification}: {Distinctions} and {Guidelines}},
	volume      = {1},
	issn        = {26663899},
	url         = {https://linkinghub.elsevier.com/retrieve/pii/S2666389920301562},
	doi         = {10.1016/j.patter.2020.100115},
	number      = {7},
	journal     = {Patterns},
	author      = {Li, Jingyi Jessica and Tong, Xin},
	month       = oct,
	year        = {2020},
	note        = {Publisher: Cell Press},
	keywords    = {DSML 1: Concept: Basic principles of a new data science output observed and reported, PEL307},
	pages       = {100115},
}

@article{Li2022,
	title       = {Evaluation of hearing and speech rehabilitation after cochlear implantation in children with {Waardenburg} syndrome.},
	volume      = {36 5},
	journal     = {Lin chuang er bi yan hou tou jing wai ke za zhi = Journal of clinical otorhinolaryngology, head, and neck surgery},
	author      = {Li, Guo-Yang and Liu, Li and Yang, Ting and Lang, Chunmei and Ma, Xiuli and Zhao, Liping and Tang, Xianchao and Wang, Xiang and Zhang, Tiesong and Ma, Jing},
	year        = {2022},
	keywords    = {Environment\_Sound\_Recognition, Semantic\_Scholar},
	pages       = {347--352},
}

@article{Li2022a,
	title       = {Robustness of {Neural} {Architectures} for {Audio} {Event} {Detection}},
	volume      = {abs/2205.03268},
	journal     = {ArXiv},
	author      = {Li, Juncheng Billy and Qu, Shuhui and Metze, Florian},
	year        = {2022},
	keywords    = {Environment\_Sound\_Classification, Semantic\_Scholar},
}

@article{Lindholm2008,
	title       = {{NVIDIA} {Tesla}: {A} {Unified} {Graphics} and {Computing} {Architecture}},
	volume      = {28},
	doi         = {10.1109/MM.2008.31},
	number      = {2},
	journal     = {IEEE Micro},
	author      = {Lindholm, Erik and Nickolls, John and Oberman, Stuart and Montrym, John},
	year        = {2008},
	keywords    = {IEEE\_Xplore},
	pages       = {39--55},
}

@article{Liu2021,
	title       = {Environmental {Sound} {Classification} {Based} on {Stacked} {Concatenated} {DNN} using {Aggregated} {Features}},
	volume      = {93},
	issn        = {19398115},
	doi         = {10.1007/s11265-021-01702-x},
	number      = {11},
	journal     = {Journal of Signal Processing Systems},
	author      = {Liu, Chengwei and Hong, Feng and Feng, Haihong and Zhai, Yushuang and Chen, Youyuan},
	month       = nov,
	year        = {2021},
	note        = {Publisher: Springer},
	keywords    = {Artigo, Periódico, Auditory Feature, Deep Neural Networks, Environmental Sound Classification, Feature Aggregation},
	pages       = {1287--1299},
}

@article{Liu2022,
	title       = {Research on {Acoustic} {Events} {Recognition} {Method} {With} {Dimensionality} {Reduction} {Combining} {Attention} and {Mutual} {Information}},
	volume      = {22},
	doi         = {10.1109/JSEN.2022.3155706},
	number      = {9},
	journal     = {IEEE Sensors Journal},
	author      = {Liu, H. and Zhou, J. and Xi, G. and Peng, B. and Zhang, S. and Xiao, Q.},
	year        = {2022},
	keywords    = {Environment\_Sound\_Classification, SCOPUS},
	pages       = {8622--8632},
}

@article{Luz2021,
	title       = {Ensemble of handcrafted and deep features for urban sound classification},
	volume      = {175},
	doi         = {10.1016/j.apacoust.2020.107819},
	journal     = {Applied Acoustics},
	author      = {Luz, J.S. and Oliveira, M.C. and Araújo, F.H.D. and Magalhães, D.M.V.},
	year        = {2021},
	keywords    = {CNN, Machine learning, SCOPUS, ESR, Feature aggregation},
}

@article{Marchegiani2022,
	title       = {Listening for {Sirens}: {Locating} and {Classifying} {Acoustic} {Alarms} in {City} {Scenes}},
	volume      = {23},
	doi         = {10.1109/TITS.2022.3158076},
	number      = {10},
	journal     = {IEEE Transactions on Intelligent Transportation Systems},
	author      = {Marchegiani, Letizia and Newman, Paul},
	year        = {2022},
	keywords    = {IEEE\_Xplore, Regular passenger car, Siren detection},
	pages       = {17087--17096},
}

@article{Mesaros2019,
	title       = {Sound {Event} {Detection} in the {DCASE} 2017 {Challenge}},
	volume      = {27},
	issn        = {2329-9290},
	url         = {https://ieeexplore.ieee.org/document/8673582/},
	doi         = {10.1109/TASLP.2019.2907016},
	number      = {6},
	journal     = {IEEE/ACM Transactions on Audio, Speech, and Language Processing},
	author      = {Mesaros, Annamaria and Diment, Aleksandr and Elizalde, Benjamin and Heittola, Toni and Vincent, Emmanuel and Raj, Bhiksha and Virtanen, Tuomas},
	month       = jun,
	year        = {2019},
	keywords    = {Deep learning, Acoustic event recognition, IEEE\_Xplore, ESR},
	pages       = {992--1006},
}

@article{Miraz2021,
	title       = {Adaptive user interfaces and universal usability through plasticity of user interface design},
	volume      = {40},
	issn        = {15740137},
	url         = {https://linkinghub.elsevier.com/retrieve/pii/S1574013721000034},
	doi         = {10.1016/j.cosrev.2021.100363},
	journal     = {Computer Science Review},
	author      = {Miraz, Mahdi H. and Ali, Maaruf and Excell, Peter S.},
	month       = may,
	year        = {2021},
	note        = {Publisher: Elsevier Ireland Ltd},
	keywords    = {Adaptive user interface (AUI), Design for All, Dynamic UI Design, Inclusive Design, Interaction design, PEL214, Plasticity, projeto\_IHC, Universal usability, User interface (UI)},
	pages       = {100363},
}

@article{Mmushtaq2020,
	title       = {Environmental sound classification using a regularized deep convolutional neural network with data augmentation},
	volume      = {167},
	issn        = {0003-682X},
	doi         = {10.1016/j.apacoust.2020.107389},
	journal     = {Applied Acoustics},
	author      = {Mushtaq, Zohaib and Su, Shun-Feng},
	year        = {2020},
	keywords    = {CNN, Data augmentation, Science\_Direct, ESR},
	pages       = {107389},
}

@article{Mu2021,
	title       = {Environmental sound classification using temporal-frequency attention based convolutional neural network},
	volume      = {11},
	issn        = {20452322},
	doi         = {10.1038/s41598-021-01045-4},
	number      = {1},
	journal     = {Scientific Reports},
	author      = {Mu, Wenjie and Yin, Bo and Huang, Xianqing and Xu, Jiali and Du, Zehua},
	month       = dec,
	year        = {2021},
	pmid        = {34732762},
	note        = {Publisher: Nature Research},
	keywords    = {Artigo, Periódico},
}

@article{Mushtaq2020,
	title       = {Efficient classification of environmental sounds through multiple features aggregation and data enhancement techniques for spectrogram images},
	volume      = {12},
	issn        = {20738994},
	doi         = {10.3390/sym12111822},
	number      = {11},
	journal     = {Symmetry},
	author      = {Mushtaq, Zohaib and Su, Shun Feng},
	month       = nov,
	year        = {2020},
	note        = {Publisher: MDPI AG},
	keywords    = {Artigo, Environmental sound classification, Periódico, Data augmentation, ESC-10, ESC-50, Features aggregation, Transfer learning, Urban sound 8k},
	pages       = {1--34},
}

@article{Mushtaq2021,
	title       = {Spectral images based environmental sound classification using {CNN} with meaningful data augmentation},
	volume      = {172},
	issn        = {0003-682X},
	doi         = {10.1016/j.apacoust.2020.107581},
	journal     = {Applied Acoustics},
	author      = {Mushtaq, Zohaib and Su, Shun-Feng and Tran, Quoc-Viet},
	year        = {2021},
	keywords    = {Environmental sound classification, Data augmentation, Transfer learning, Environment\_Sound\_Classification, Science\_Direct, Convolutional neural network, Spectrogram},
	pages       = {107581},
}

@article{Nanni2021,
	title       = {An ensemble of convolutional neural networks for audio classification},
	volume      = {11},
	issn        = {20763417},
	doi         = {10.3390/app11135796},
	number      = {13},
	journal     = {Applied Sciences (Switzerland)},
	author      = {Nanni, Loris and Maguolo, Gianluca and Brahnam, Sheryl and Paci, Michelangelo},
	month       = jul,
	year        = {2021},
	note        = {Publisher: MDPI AG},
	keywords    = {Artigo, Audio classification, Data augmentation, Ensemble of classifiers, Pattern recognition, Periódico},
}

@article{Okaba2021,
	title       = {An automated location detection method in multi-storey buildings using environmental sound classification based on a new center symmetric nonlinear pattern: {CS}-{LBlock}-{Pat}},
	volume      = {125},
	issn        = {0926-5805},
	url         = {https://www.sciencedirect.com/science/article/pii/S0926580521000960},
	doi         = {https://doi.org/10.1016/j.autcon.2021.103645},
	journal     = {Automation in Construction},
	author      = {Okaba, Mark and Tuncer, Turker},
	year        = {2021},
	keywords    = {Environmental sound classification, Environment\_Sound\_Classification, 3D location detection in multi-storey buildings, Acoustical floor identification, Center symmetric LBlock pattern, Iterative neighborhood component analysis, Science\_Direct, Statistical feature extraction},
	pages       = {103645},
}

@article{Oppenheim2004,
	title       = {From frequency to quefrency: a history of the cepstrum},
	volume      = {21},
	doi         = {10.1109/MSP.2004.1328092},
	number      = {5},
	journal     = {IEEE Signal Processing Magazine},
	author      = {Oppenheim, A V and Schafer, R W},
	year        = {2004},
	keywords    = {IEEE\_Xplore, Cepstrum;Frequency;History;Cepstral analysis;Convolution;Speech processing;Speech recognition;Nonlinear distortion;Signal processing;Deconvolution},
	pages       = {95--106},
}

@article{Pandya2021,
	title       = {Ambient acoustic event assistive framework for identification, detection, and recognition of unknown acoustic events of a residence},
	volume      = {47},
	issn        = {1474-0346},
	url         = {https://www.sciencedirect.com/science/article/pii/S147403462030207X},
	doi         = {https://doi.org/10.1016/j.aei.2020.101238},
	journal     = {Advanced Engineering Informatics},
	author      = {Pandya, Sharnil and Ghayvat, Hemant},
	year        = {2021},
	keywords    = {CNN, LSTM, Science\_Direct, ESR, Embedded system, Microcontroller, Home monitoring residential assistance},
	pages       = {101238},
}

@article{Peeters2004,
	title       = {A large set of audio features for sound description (similarity and classification) in the {CUIDADO} project},
	volume      = {54},
	url         = {http://recherche.ircam.fr/anasyn/peeters/ARTICLES/Peeters_2003_cuidadoaudiofeatures.pdf},
	number      = {0},
	urldate     = {2024-01-28},
	journal     = {CUIDADO Ist Project Report},
	author      = {Peeters, Geoffroy},
	year        = {2004},
	pages       = {1--25},
}

@article{Peng2020,
	title       = {Environment {Sound} {Classification} {Based} on {Visual} {Multi}-{Feature} {Fusion} and {GRU}-{AWS}},
	volume      = {8},
	issn        = {2169-3536},
	doi         = {10.1109/ACCESS.2020.3032226},
	journal     = {IEEE Access},
	author      = {Peng, Ning and Chen, Aibin and Zhou, Guoxiong and Chen, Wenjie and Zhang, Wenzhuo and Liu, Jing and Ding, Fubo},
	month       = oct,
	year        = {2020},
	keywords    = {Environment\_Sound\_Classification, IEEE\_Xplore, Feature extraction;Mel frequency cepstral coefficient;Spectrogram;Time-domain analysis;Task analysis;Hidden Markov models;Neural networks;ESC;GRU;multi-feature fusion;LM-MFCC;sequence transformation;GRU-AWS},
	pages       = {191100--191114},
}

@article{Peng2021,
	title       = {Environmental {Sound} {Recognition} {Based} on {Attention} {Sinusoidal} {Representation} {Network} {\textbar} 基于正弦注意力表征网络的环境声音识别},
	volume      = {39},
	doi         = {10.3969/j.issn.0255-8297.2021.04.011},
	number      = {4},
	journal     = {Yingyong Kexue Xuebao/Journal of Applied Sciences},
	author      = {Peng, N. and Chen, A. and Zhou, G. and Chen, W. and Liu, J.},
	year        = {2021},
	keywords    = {SCOPUS, Environment\_Sound\_Recognition},
	pages       = {641--649},
}

@article{Piczak2015,
	title       = {Environmental sound classification with convolutional neural networks},
	doi         = {10.1109/MLSP.2015.7324337},
	journal     = {2015 IEEE 25th International Workshop on Machine Learning for Signal Processing (MLSP)},
	author      = {Piczak, Karol J},
	year        = {2015},
	keywords    = {CNN, Semantic\_Scholar, ESR},
	pages       = {1--6},
}

@article{Preece2009,
	title       = {Activity {Identification} {Using} {Body}-{Mounted} {Sensors} — {A} {Review} of {Classification} {Techniques}},
	volume      = {30},
	doi         = {10.1088/0967-3334/30/4/R01},
	journal     = {Physiological measurement},
	author      = {Preece, Stephen and Goulermas, John and Kenney, Laurence and Howard, Deandra and Meijer, Kenneth and Crompton, Robin},
	month       = jan,
	year        = {2009},
	pages       = {R1--33},
}

@article{Ragab2021,
	title       = {An ensemble one dimensional convolutional neural network with bayesian optimization for environmental sound classification},
	volume      = {11},
	issn        = {20763417},
	doi         = {10.3390/app11104660},
	number      = {10},
	journal     = {Applied Sciences (Switzerland)},
	author      = {Ragab, Mohammed Gamal and Abdulkadir, Said Jadid and Aziz, Norshakirah and Alhussian, Hitham and Bala, Abubakar and Alqushaibi, Alawi},
	month       = may,
	year        = {2021},
	note        = {Publisher: MDPI AG},
	keywords    = {Artigo, Bayesian optimization, Convolutional neural networks, Deep learning, Ensemble learning, Environmental sound classification, Optimization, Periódico, UrbanSound8k},
}

@article{Reddi2018,
	title       = {On the {Convergence} of {Adam} and {Beyond}},
	volume      = {abs/1904.09237},
	url         = {https://api.semanticscholar.org/CorpusID:3455897},
	journal     = {ArXiv},
	author      = {Reddi, Sashank J and Kale, Satyen and Kumar, Surinder},
	year        = {2018},
	keywords    = {Semantic\_Scholar},
}

@article{Rosenblatt1958,
	title       = {The {Perceptron}: {A} {Probabilistic} {Model} for {Information} {Storage} and {Organization} in the {Brain}},
	volume      = {65},
	doi         = {10.1037/h0042519},
	number      = {6},
	journal     = {Psychological Review},
	author      = {Rosenblatt, F},
	year        = {1958},
	pages       = {386--408},
}

@article{Rumelhart1986,
	title       = {Learning representations by back-propagating errors},
	volume      = {323},
	doi         = {10.1038/323533a0},
	journal     = {Nature},
	author      = {Rumelhart, David E and Hinton, Geoffrey E and Williams, Ronald J},
	year        = {1986},
	keywords    = {Semantic\_Scholar},
	pages       = {533--536},
}

@article{Russain2018,
	title       = {Autonomous {Cars}: {Research} {Results}, {Issues}, and {Future} {Challenges}},
	volume      = {21},
	doi         = {10.1109/COMST.2018.2869360},
	number      = {2},
	journal     = {IEEE Communications Surveys \& Tutorials},
	author      = {Hussain, Rasheed and Zeadally, Sherali},
	year        = {2019},
	keywords    = {IEEE\_Xplore},
	pages       = {1275--1313},
}

@article{Salamon2017,
	title       = {Deep {Convolutional} {Neural} {Networks} and {Data} {Augmentation} for {Environmental} {Sound} {Classification}},
	volume      = {24},
	doi         = {10.1109/LSP.2017.2657381},
	number      = {3},
	journal     = {IEEE Signal Processing Letters},
	author      = {Salamon, Justin and Bello, Juan Pablo},
	year        = {2017},
	keywords    = {CNN, Data augmentation, IEEE\_Xplore, ESR},
	pages       = {279--283},
}

@article{Sierpowska2019,
	title       = {White-matter pathways and semantic processing: intrasurgical and lesion-symptom mapping evidence},
	volume      = {22},
	issn        = {2213-1582},
	url         = {https://www.sciencedirect.com/science/article/pii/S2213158219300543},
	doi         = {https://doi.org/10.1016/j.nicl.2019.101704},
	journal     = {NeuroImage: Clinical},
	author      = {Sierpowska, Joanna and Gabarrós, Andreu and Fernández-Coello, Alejandro and Camins, Àngels and Castañer, Sara and Juncadella, Montserrat and François, Clément and Rodríguez-Fornells, Antoni},
	year        = {2019},
	keywords    = {Environment\_Sound\_Recognition, Science\_Direct, Diffusion tensor imaging (DTI), Dual stream models for language processing, ESM = electrical stimulation mapping, Semantic processing, Voxel lesion-symptom mapping (VLSM)},
	pages       = {101704},
}

@article{Silva2019,
	title       = {Evaluation of classical {Machine} {Learning} techniques towards urban sound recognition on embedded systems},
	volume      = {9},
	doi         = {10.3390/app9183885},
	number      = {18},
	urldate     = {2022-10-17},
	journal     = {Applied Sciences (Switzerland)},
	author      = {Silva, Bruno da and Happi, Axel W. and Braeken, An and Touhafi, Abdellah},
	month       = sep,
	year        = {2019},
	keywords    = {Machine learning, ESR, Embedded system},
	pages       = {3885},
}

@article{Singh2022,
	title       = {Robustness of musical features on deep learning models for music genre classification},
	volume      = {199},
	issn        = {0957-4174},
	url         = {https://www.sciencedirect.com/science/article/pii/S0957417422003244},
	doi         = {https://doi.org/10.1016/j.eswa.2022.116879},
	journal     = {Expert Systems with Applications},
	author      = {Singh, Yeshwant and Biswas, Anupam},
	year        = {2022},
	keywords    = {Deep learning, Environment\_Sound\_Classification, Science\_Direct, Music genre classification, Music information retrieval, Musical features},
	pages       = {116879},
}

@article{Su2019,
	title       = {Environment sound classification using a two-stream {CNN} based on decision-level fusion},
	volume      = {19},
	doi         = {10.3390/s19071733},
	number      = {7},
	journal     = {Sensors (Switzerland)},
	author      = {Su, Y. and Zhang, K. and Wang, J. and Madani, K.},
	year        = {2019},
	keywords    = {CNN, SCOPUS, ESR, Feature aggregation},
}

@article{Su2020,
	title       = {Performance analysis of multiple aggregated acoustic features for environment sound classification},
	volume      = {158},
	doi         = {10.1016/j.apacoust.2019.107050},
	journal     = {Applied Acoustics},
	author      = {Su, Yu and Zhang, Ke and Wang, Jingyu and Zhou, Daming and Madani, Kurosh},
	year        = {2020},
	keywords    = {CNN, SCOPUS, ESR, Feature aggregation},
}

@article{Sun2021,
	title       = {Emergency {Vehicles} {Audio} {Detection} and {Localization} in {Autonomous} {Driving}},
	volume      = {abs/2109.14797},
	journal     = {ArXiv},
	author      = {Sun, Hongyi and Liu, Xinyi and Xu, Kecheng and Miao, Jinghao and Luo, Qi},
	year        = {2021},
	note        = {arXiv: 238226804},
	keywords    = {Autonomous vehicle, Siren detection},
}

@article{Tang2018,
	title       = {Improved {Convolutional} {Neural} {Networks} for {Acoustic} {Event} {Classification}},
	volume      = {78},
	doi         = {10.1007/s11042-018-6991-4},
	journal     = {Multimedia Tools and Applications},
	author      = {Tang, Guichen and Liang, Ruiyu and Xie, Yue and Bao, Yongqiang and Wang, Shijia},
	year        = {2018},
	keywords    = {CNN, Semantic\_Scholar, ESR, Delta},
	pages       = {15801 -- 15816},
}

@article{Tran2020,
	title       = {Acoustic-{Based} {Emergency} {Vehicle} {Detection} {Using} {Convolutional} {Neural} {Networks}},
	volume      = {8},
	doi         = {10.1109/ACCESS.2020.2988986},
	journal     = {IEEE Access},
	author      = {Tran, Van-Thuan and Tsai, Wei-Ho},
	year        = {2020},
	keywords    = {CNN, Deep learning, IEEE\_Xplore, Siren detection},
	pages       = {75702--75713},
}

@article{Tripath2021,
	title       = {Environment sound classification using an attention-based residual neural network},
	volume      = {460},
	issn        = {0925-2312},
	doi         = {10.1016/j.neucom.2021.06.031},
	language    = {English},
	journal     = {NEUROCOMPUTING},
	author      = {Tripathi, Achyut Mani and Mishra, Aakansha},
	month       = oct,
	year        = {2021},
	note        = {Publisher: ELSEVIER},
	pages       = {409--423},
}

@article{Tripathi2021,
	title       = {Self-supervised learning for {Environmental} {Sound} {Classification}},
	volume      = {182},
	issn        = {0003-682X},
	doi         = {https://doi.org/10.1016/j.apacoust.2021.108183},
	journal     = {Applied Acoustics},
	author      = {Tripathi, Achyut Mani and Mishra, Aakansha},
	year        = {2021},
	keywords    = {Transfer learning, SCOPUS, ESR, Self supervised learning},
	pages       = {108183},
}

@article{Tsalera2021,
	title       = {Comparison of {Pre}-{Trained} {CNNs} for {Audio} {Classification} {Using} {Transfer} {Learning}},
	volume      = {10},
	issn        = {2224-2708},
	url         = {https://www.mdpi.com/2224-2708/10/4/72},
	doi         = {10.3390/jsan10040072},
	number      = {4},
	journal     = {Journal of Sensor and Actuator Networks},
	author      = {Tsalera, Eleni and Papadakis, Andreas and Samarakou, Maria},
	year        = {2021},
	keywords    = {Semantic\_Scholar},
}

@article{Turchet2020,
	title       = {The {Internet} of {Audio} {Things}: {State} of the {Art}, {Vision}, and {Challenges}},
	volume      = {7},
	issn        = {23274662},
	doi         = {10.1109/JIOT.2020.2997047},
	number      = {10},
	journal     = {IEEE Internet of Things Journal},
	author      = {Turchet, Luca and Fazekas, Gyorgy and Lagrange, Mathieu and Ghadikolaei, Hossein S. and Fischione, Carlo},
	month       = oct,
	year        = {2020},
	note        = {Publisher: Institute of Electrical and Electronics Engineers Inc.},
	keywords    = {Artigo, Periódico, Auditory scene analysis, ecoacoustics, Internet of Audio Things (IoAuT), Internet of Sounds, smart city},
	pages       = {10233--10249},
}

@article{Vakamullu2022,
	title       = {Convolutional {Neural} {Network} {Based} {Heart} {Sounds} {Recognition} on {Edge} {Computing} {Platform}},
	journal     = {2022 IEEE International Instrumentation and Measurement Technology Conference (I2MTC)},
	author      = {Vakamullu, Venkatesh and Trivedy, Sudipto and Mishra, Madhusudhan and Mukherjee, Anirban},
	year        = {2022},
	keywords    = {Environment\_Sound\_Recognition, Semantic\_Scholar},
	pages       = {1--6},
}

@article{Vandendriessche2021,
	title       = {Environmental {Sound} {Recognition} on {Embedded} {Systems}: {From} {FPGAs} to {TPUs}},
	volume      = {10},
	doi         = {10.3390/electronics},
	number      = {21},
	journal     = {Electronics (Switzerland)},
	author      = {Vandendriessche, Jurgen and Wouters, Nick and Da Silva, Bruno and Lamrini, Mimoun and Chkouri, Mohamed Yassin and Touhafi, Abdellah},
	year        = {2021},
	keywords    = {CNN, Machine learning, ESR, Embedded system},
	pages       = {1--31},
}

@article{VidaaVila2020,
	title       = {Low-{Cost} {Distributed} {Acoustic} {Sensor} {Network} for {Real}-{Time} {Urban} {Sound} {Monitoring}},
	volume      = {9},
	issn        = {2079-9292},
	doi         = {10.3390/electronics9122119},
	number      = {12},
	urldate     = {2024-01-06},
	journal     = {Electronics},
	author      = {Vidaña-Vila, Ester and Navarro, Joan and Borda-Fortuny, Cristina and Stowell, Dan and Alsina-Pagès, Rosa Ma},
	year        = {2020},
	keywords    = {Urban environment, Semantic\_Scholar, ESR, Embedded system, Microcontroller},
}

@article{Webb2001,
	title       = {Machine {Learning} for {User} {Modeling}},
	volume      = {11},
	issn        = {1573-1391},
	url         = {https://doi.org/10.1023/A:1011117102175},
	doi         = {10.1023/A:1011117102175},
	number      = {1},
	journal     = {User Modeling and User-Adapted Interaction},
	author      = {Webb, Geoffrey I and Pazzani, Michael J and Billsus, Daniel},
	year        = {2001},
	keywords    = {PEL214},
	pages       = {19--29},
}

@article{Wickramasinghe2021,
	title       = {Naive {Bayes}: applications, variations and vulnerabilities: a review of literature with code snippets for implementation},
	volume      = {25},
	doi         = {10.1007/s00500-020-05297-6},
	number      = {3},
	journal     = {Soft Computing},
	author      = {Wickramasinghe, Indika and Kalutarage, Harsha},
	month       = feb,
	year        = {2021},
	pages       = {2277--2293},
}

@article{Zhang2021,
	title       = {Robust acoustic event recognition using {AVMD}-{PWVD} time-frequency image},
	volume      = {178},
	issn        = {0003-682X},
	url         = {https://www.sciencedirect.com/science/article/pii/S0003682X21000633},
	doi         = {https://doi.org/10.1016/j.apacoust.2021.107970},
	journal     = {Applied Acoustics},
	author      = {Zhang, Yanhua and Zhang, Ke and Wang, Jingyu and Su, Yu},
	year        = {2021},
	keywords    = {Environment\_Sound\_Classification, Science\_Direct, Acoustic event recognition, Convolutional neural network, Pseudo Wigner-Vile distribution, Pseudo-color, Time-frequency image, Variational modal decomposition},
	pages       = {107970},
}

@article{Zhang2022,
	title       = {Sound classification using evolving ensemble models and {Particle} {Swarm} {Optimization}},
	volume      = {116},
	issn        = {15684946},
	doi         = {10.1016/j.asoc.2021.108322},
	journal     = {Applied Soft Computing},
	author      = {Zhang, Li and Lim, Chee Peng and Yu, Yonghong and Jiang, Ming},
	month       = feb,
	year        = {2022},
	note        = {Publisher: Elsevier Ltd},
	keywords    = {Artigo, Periódico, Sound classification, Deep convolutional bidirectional long short-term memory network and ensemble classifier, Evolutionary algorithm},
}

@article{Zhu2021,
	title       = {Requirements-{Driven} {Automotive} {Electrical}/{Electronic} {Architecture}: {A} {Survey} and {Prospective} {Trends}},
	volume      = {9},
	doi         = {10.1109/ACCESS.2021.3093077},
	journal     = {IEEE Access},
	author      = {Zhu, Hailong and Zhou, Wei and Li, Zhiheng and Li, Li and Huang, Tao},
	year        = {2021},
	keywords    = {IEEE\_Xplore, Computer architecture;Automotive engineering;Automobiles;Market research;Industries;Protocols;Ethernet;Automotive E/E architecture;automated driving;TSN;AUTOSAR;future trends},
	pages       = {100096--100112},
}

@book{Alpaydin2014,
	address     = {London, England},
	edition     = {3},
	title       = {Introduction to {Machine} {Learning}},
	isbn        = {978-0-262-02818-9},
	language    = {en},
	publisher   = {MIT Press},
	author      = {Alpaydin, Ethem},
	month       = aug,
	year        = {2014},
	note        = {Series Title: Adaptive Computation and Machine Learning series},
}

@book{Barber2012,
	address     = {Cambridge, England},
	title       = {Bayesian reasoning and machine learning},
	isbn        = {978-0-521-51814-7},
	language    = {en},
	publisher   = {Cambridge University Press},
	author      = {Barber, David},
	month       = feb,
	year        = {2012},
}

@book{Barbosa2010,
	address     = {Rio de Janeiro, Brasil},
	title       = {Interacao {Humano}-computador},
	isbn        = {85-352-3418-7},
	publisher   = {CAMPUS - GRUPO ELSEVIER},
	author      = {Barbosa, Simone Diniz Junqueira and da Silva, Bruno Santana},
	month       = dec,
	year        = {2010},
	note        = {"extra": "bibtex[options=\{useprefix=false\}]"},
	keywords    = {PEL214, projeto\_IHC},
}

@book{Bellman1961,
	address     = {Princeton},
	edition     = {1},
	title       = {Adaptive {Control} {Processes}: {A} {Guided} {Tour}},
	isbn        = {978-1-4008-7466-8},
	publisher   = {Princeton University Press},
	author      = {Bellman, Richard E},
	year        = {1961},
	doi         = {10.1515/9781400874668},
	keywords    = {statistics},
}

@book{Bishop2006,
	address     = {New York, NY},
	edition     = {1},
	title       = {Pattern {Recognition} and {Machine} {Learning}},
	isbn        = {978-0-387-31073-2},
	language    = {en},
	publisher   = {Springer},
	author      = {Bishop, Christopher M},
	month       = aug,
	year        = {2006},
	note        = {Series Title: Information Science and Statistics},
}

@book{Bishop2023,
	address     = {Cham, Switzerland},
	edition     = {1},
	title       = {Deep learning},
	isbn        = {978-3-031-45467-7},
	language    = {en},
	publisher   = {Springer International Publishing},
	author      = {Bishop, Christopher M and Bishop, Hugh},
	month       = nov,
	year        = {2023},
}

@book{Bouguila2020,
	address     = {Cham, Switzerland},
	edition     = {1},
	title       = {Mixture models and applications},
	isbn        = {978-3-030-23878-0},
	language    = {en},
	publisher   = {Springer Nature},
	author      = {Bouguila, Nizar and Fan, Wentao},
	editor      = {Bouguila, Nizar and Fan, Wentao},
	month       = aug,
	year        = {2020},
	note        = {Series Title: Unsupervised and Semi-Supervised Learning},
}

@book{Debnath2014,
	address     = {Secaucus, NJ},
	edition     = {2},
	title       = {Wavelet transforms and their applications},
	isbn        = {978-0-8176-8417-4},
	language    = {en},
	publisher   = {Birkhauser Boston},
	author      = {Debnath, Lokenath and Shah, Firdous Ahmad},
	month       = nov,
	year        = {2014},
}

@book{Giannakopoulos2014,
	address     = {Oxford, UK},
	edition     = {1},
	title       = {Introduction to audio analysis},
	isbn        = {978-0-08-099388-1},
	publisher   = {Academic Press},
	author      = {Giannakopoulos, Theodoros and Pikrakis, Aggelos},
	month       = apr,
	year        = {2014},
}

@book{Gold2011,
	address     = {Hoboken, NJ},
	edition     = {2},
	title       = {Speech and audio signal processing},
	isbn        = {978-0-470-19536-9},
	language    = {en},
	publisher   = {Wiley-Blackwell},
	author      = {Gold, Ben and Morgan, Nelson and Ellis, Dan},
	month       = aug,
	year        = {2011},
}

@book{Goodfellow2016,
	address     = {London, England},
	edition     = {1},
	title       = {Deep {Learning}},
	publisher   = {MIT Press},
	author      = {Goodfellow, Ian and Bengio, Yoshua and Courville, Aaron},
	month       = nov,
	year        = {2016},
	note        = {Series Title: Adaptive Computation and Machine Learning series},
}

@book{Hartshorn2016,
	title       = {Machine {Learning} {With} {Random} {Forests} {And} {Decision} {Trees}: {A} {Visual} {Guide} {For} {Beginners}},
	publisher   = {Kindle Direct Publishing},
	author      = {Hartshorn, Scott},
	year        = {2016},
}

@book{Hastie2009,
	address     = {New York, NY},
	edition     = {2},
	title       = {The elements of {Statistical} {Learning}: {Data} {Mining}, {Inference}, and {Prediction}},
	isbn        = {978-0-387-84857-0},
	language    = {en},
	publisher   = {Springer New York},
	author      = {Hastie, Trevor and Tibshirani, Robert and Friedman, Jerome},
	year        = {2009},
	keywords    = {data\_mining, statistics},
}

@book{Hermes2023,
	address     = {Cham, Switzerland},
	edition     = {1},
	title       = {The perceptual structure of sound},
	isbn        = {978-3-031-25565-6},
	language    = {en},
	publisher   = {Springer International Publishing},
	author      = {Hermes, Dik J.},
	month       = jun,
	year        = {2023},
	note        = {Series Title: Current Research in Systematic Musicology},
}

@book{Kelleher2020,
	address     = {London, England},
	edition     = {2},
	title       = {Fundamentals of machine learning for predictive data analytics},
	isbn        = {978-0-262-04469-1},
	language    = {en},
	publisher   = {MIT Press},
	author      = {Kelleher John D.; Mac Namee, Brian; D'Arcy Aoife},
	month       = oct,
	year        = {2020},
}

@book{Klapuri2006,
	address     = {New York, NY},
	edition     = {1},
	title       = {Signal processing methods for music transcription},
	isbn        = {978-0-387-30667-4},
	language    = {en},
	publisher   = {Springer},
	author      = {Klapuri, Anssi and Davy, Manuel},
	editor      = {Klapuri, Anssi and Davy, Manuel},
	month       = may,
	year        = {2006},
}

@book{Luger1997,
	address     = {Reading},
	title       = {Artificial {Intelligence}: {Structures} and {Strategies} for {Complex} {Problem} {Solving}},
	isbn        = {0-8053-1196-3},
	publisher   = {Benjamin-Cummings Pub Co},
	author      = {Luger, George F. and Stubblefield, William A.},
	year        = {1997},
	keywords    = {PEL214},
}

@book{Mayhew1999,
	address     = {Oxford, England},
	title       = {The {Usability} {Engineering} lifecycle: {A} practitioner's handbook for user interface design},
	isbn        = {978-1-55860-561-9},
	language    = {en},
	publisher   = {Morgan Kaufmann},
	author      = {Mayhew, Deborah J},
	month       = mar,
	year        = {1999},
	keywords    = {PEL214, projeto\_IHC},
}

@book{Mitchell1997,
	address     = {New York, NY},
	edition     = {1},
	title       = {Machine {Learning}},
	isbn        = {978-0-07-042807-2},
	language    = {en},
	publisher   = {McGraw-Hill Professional},
	author      = {Mitchell, Thomas M},
	month       = mar,
	year        = {1997},
	note        = {Series Title: McGraw-Hill series in computer science},
}

@book{Moore2013,
	address     = {Leiden, Netherlands},
	edition     = {1},
	title       = {An introduction to the psychology of hearing},
	isbn        = {90-04-25242-8},
	language    = {en},
	publisher   = {Brill},
	author      = {Moore, Brian},
	month       = apr,
	year        = {2013},
}

@book{Mueller2016,
	address     = {Cham, Switzerland},
	title       = {Fundamentals of music processing: audio, analysis, algorithms, applications.},
	isbn        = {978-3-319-35765-2},
	language    = {en},
	publisher   = {Springer International Publishing},
	author      = {Mueller, Meinard},
	month       = oct,
	year        = {2016},
	keywords    = {audio, fundamentals},
}

@book{Mueller2021,
	title       = {Fundamentals of music processing: using {Python} and {Jupyter} notebooks.},
	isbn        = {978-3-030-69808-9},
	language    = {en},
	publisher   = {Springer Nature},
	author      = {Mueller, Meinard},
	month       = aug,
	year        = {2021},
	keywords    = {audio, fundamentals},
}

@book{Murphy2012,
	address     = {London, England},
	edition     = {1},
	title       = {Machine {Learning}: {A} {Probabilistic} {Perspective}},
	isbn        = {978-0-262-01802-9},
	language    = {en},
	publisher   = {MIT Press},
	author      = {Murphy, Kevin P},
	month       = aug,
	year        = {2012},
	note        = {Series Title: Adaptive Computation and Machine Learning series},
}

@book{Newcomb2008,
	address     = {Chichester, England},
	edition     = {1},
	title       = {Car {Audio} {For} {Dummies}},
	isbn        = {978-0-470-15158-7},
	language    = {en},
	publisher   = {John Wiley \& Sons},
	author      = {Newcomb, Doug},
	month       = jan,
	year        = {2008},
}

@book{Nielsel1994,
	address     = {Oxford, England},
	title       = {Usability {Engineering}},
	isbn        = {0-12-518406-9},
	language    = {en},
	publisher   = {Morgan Kaufmann},
	author      = {Nielsen, Jakob},
	month       = nov,
	year        = {1994},
	note        = {Series Title: Interactive Technologies},
	keywords    = {PEL214, projeto\_IHC},
}

@book{Park2008,
	address     = {Singapore, Singapore},
	title       = {Introduction to digital signal processing: {Computer} musically speaking},
	isbn        = {978-981-279-027-9},
	publisher   = {World Scientific Publishing},
	author      = {Park, Tae Hong},
	month       = may,
	year        = {2008},
}

@book{Pelgrom2018,
	address     = {Cham, Switzerland},
	edition     = {3},
	title       = {Analog-to-{Digital} {Conversion}},
	isbn        = {978-3-319-44970-8},
	language    = {en},
	publisher   = {Springer International Publishing},
	author      = {Pelgrom, Marcel},
	month       = jun,
	year        = {2018},
}

@book{Preece2015,
	address     = {Nashville, TN},
	title       = {Interaction {Design}: {Beyond} {Human}-{Computer} {Interaction}},
	isbn        = {978-1-119-02075-2},
	language    = {en},
	publisher   = {John Wiley \& Sons},
	author      = {Preece, Jenny and Sharp, Helen and Rogers, Yvonne},
	month       = feb,
	year        = {2015},
	keywords    = {PEL214},
}

@book{Rayburn2004,
	address     = {Oxford, England},
	edition     = {2},
	title       = {Eargle's the microphone book},
	isbn        = {978-0-240-51961-6},
	language    = {en},
	publisher   = {Focal Press},
	author      = {Rayburn, Ray A and Eargle, John},
	month       = apr,
	year        = {2004},
}

@book{Rossing2013,
	address     = {London, England},
	edition     = {3},
	title       = {The science of sound: {Pearson} new international edition},
	isbn        = {978-1-292-03957-2},
	language    = {en},
	publisher   = {Pearson Education},
	author      = {Rossing, Thomas D and Moore, Richard F and Wheeler, Paul A},
	month       = nov,
	year        = {2013},
}

@book{Rumreich2005,
	address     = {New York, NY},
	edition     = {2},
	title       = {Car {Stereo} {Cookbook}},
	isbn        = {978-0-07-144847-5},
	language    = {en},
	publisher   = {McGraw-Hill Professional},
	author      = {Rumreich, Mark},
	month       = apr,
	year        = {2005},
}

@book{Russel2010,
	address     = {Upper Saddle River, NJ},
	edition     = {3},
	title       = {Artificial intelligence: {A} {Modern} {Approach}},
	isbn        = {978-0-13-604259-4},
	language    = {en},
	publisher   = {Pearson},
	author      = {Russell, Stuart and Norvig, Peter},
	month       = dec,
	year        = {2010},
	keywords    = {artificial\_intelligence},
}

@book{Sarkar2019,
	address     = {Birmingham, England},
	edition     = {1},
	title       = {Ensemble {Machine} {Learning} {Cookbook}},
	isbn        = {978-1-78913-660-9},
	publisher   = {Packt Publishing},
	author      = {Sarkar, Dipayan and Natarajan, Vijayalakshmi},
	month       = jan,
	year        = {2019},
}

@book{Scholkopf2001,
	address     = {London, England},
	edition     = {1},
	title       = {Learning with kernels},
	isbn        = {978-0-262-19475-4},
	language    = {en},
	publisher   = {MIT Press},
	author      = {Scholkopf, Bernhard and Smola, Alexander J.},
	month       = dec,
	year        = {2001},
	note        = {Series Title: Adaptive Computation and Machine Learning series},
}

@book{Shneiderman2022,
	address     = {London, England},
	title       = {Human-{Centered} {AI}},
	isbn        = {0-19-284529-2},
	publisher   = {Oxford University Press},
	author      = {Shneiderman, Ben},
	month       = jan,
	year        = {2022},
	keywords    = {PEL214, projeto\_IHC},
}

@book{Smith2013,
	title       = {Digital signal processing: {A} practical guide for engineers and scientists},
	isbn        = {978-0-08-047732-9},
	language    = {en},
	publisher   = {Elsevier},
	author      = {Smith, Steven},
	month       = oct,
	year        = {2013},
}

@book{Wang2006,
	address     = {Nashville, TN},
	edition     = {1},
	title       = {Computational auditory scene analysis: principles, algorithms, and applications},
	isbn        = {978-0-471-74109-1},
	language    = {en},
	publisher   = {John Wiley \& Sons},
	author      = {Wang, Deliang and Brown, Guy J.},
	editor      = {Wang, Deliang and Brown, Guy J},
	month       = sep,
	year        = {2006},
	keywords    = {IEEE\_Xplore},
}

@book{WangH2021,
	title       = {Environmental {Sound} {Recognition} {Based} on {Residual} {Network} and {Stacking} {Algorithm}},
	volume      = {706 LNEE},
	isbn        = {9789811584572},
	author      = {Wang, H. and Ren, X. and Zhao, Z.},
	year        = {2021},
	doi         = {10.1007/978-981-15-8458-9_73},
	note        = {Publication Title: Lecture Notes in Electrical Engineering},
	keywords    = {SCOPUS, Environment\_Sound\_Recognition},
}

@book{Zhang2010,
	address     = {New York, NY},
	edition     = {1},
	title       = {Content-based audio classification and retrieval for audiovisual data parsing},
	isbn        = {978-1-4419-4878-6},
	language    = {en},
	publisher   = {Springer},
	author      = {Zhang, Tong and C. Jay Kuo, C},
	month       = dec,
	year        = {2010},
	note        = {Series Title: The Springer International Series in Engineering and Computer Science},
}

@book{Zoelzer2008,
	address     = {Chichester, UK},
	title       = {Digital {Audio} {Signal} {Processing}},
	isbn        = {978-0-470-99785-7},
	publisher   = {Wiley},
	author      = {Zoelzer, Udo},
	month       = jun,
	year        = {2008},
}

@incollection{Breebaart2004,
	address     = {Dordrecht},
	title       = {Features for {Audio} {Classification}},
	isbn        = {978-94-017-0703-9},
	booktitle   = {Algorithms in {Ambient} {Intelligence}},
	publisher   = {Springer Netherlands},
	author      = {Breebaart, Jeroen and McKinney, Martin F.},
	editor      = {Verhaegh, W. F. J. and Aarts, E. and Korst, Jan},
	year        = {2004},
	doi         = {10.1007/978-94-017-0703-9_6},
	pages       = {113--129},
}

@incollection{Genuer2020,
	address     = {Cham},
	title       = {Random {Forests}},
	isbn        = {978-3-030-56484-1},
	booktitle   = {Use {R}!},
	publisher   = {Springer International Publishing},
	author      = {Genuer, Robin and Poggi, Jean-Michel},
	year        = {2020},
	pages       = {33--55},
}

@incollection{Henricksen2002,
	title       = {Modeling {Context} {Information} in {Pervasive} {Computing} {Systems}},
	volume      = {2414},
	url         = {http://link.springer.com/10.1007/3-540-45866-2_14},
	urldate     = {2022-10-26},
	booktitle   = {{LNCS}},
	publisher   = {Springer-Verlag},
	author      = {Henricksen, Karen and Indulska, Jadwiga and Rakotonirainy, Andry},
	year        = {2002},
	doi         = {10.1007/3-540-45866-2_14},
	keywords    = {PEL214},
	pages       = {167--180},
}

@incollection{Langley1999UserMI,
	address     = {Vienna},
	title       = {User {Modeling} in {Adaptive} {Interface}},
	url         = {http://link.springer.com/10.1007/978-3-7091-2490-1_48},
	booktitle   = {{UM99} {User} {Modeling}},
	publisher   = {Springer},
	author      = {Langley, Pat},
	editor      = {Kay, Judy},
	year        = {1999},
	doi         = {10.1007/978-3-7091-2490-1_48},
	keywords    = {PEL214, projeto\_IHC},
	pages       = {357--370},
}

@incollection{Rybak2007,
	address     = {Boston, MA},
	title       = {Electromagnetic {Fields}},
	isbn        = {978-1-4020-7713-5},
	language    = {en},
	booktitle   = {Automotive {Electromagnetic} {Compatibility} ({EMC})},
	publisher   = {Springer US},
	author      = {Rybak, Terence and Steffka, Mark},
	editor      = {Rybak, Terence and Steffka, Mark},
	year        = {2007},
	keywords    = {Microphone},
	pages       = {91--114},
}

@incollection{Shreyas2020,
	title       = {Chapter 7 - {Trends} of {Sound} {Event} {Recognition} in {Audio} {Surveillance}: {A} {Recent} {Review} and {Study}},
	isbn        = {978-0-12-816385-6},
	url         = {https://www.sciencedirect.com/science/article/pii/B9780128163856000076},
	booktitle   = {The {Cognitive} {Approach} in {Cloud} {Computing} and {Internet} of {Things} {Technologies} for {Surveillance} {Tracking} {Systems}},
	publisher   = {Academic Press},
	author      = {Shreyas, N and Venkatraman, M and Malini, S and Chandrakala, S},
	editor      = {Peter, Dinesh and Alavi, Amir H and Javadi, Bahman and Fernandes, Steven L},
	year        = {2020},
	doi         = {https://doi.org/10.1016/B978-0-12-816385-6.00007-6},
	note        = {Series Title: Intelligent Data-Centric Systems},
	keywords    = {CNN, Deep learning, Science\_Direct, Acoustic event recognition, ESR},
	pages       = {95--106},
}

@incollection{Veeraraghavan2020,
	address     = {Cham},
	title       = {{SoC} {Based} {Acoustic} {Controlled} {Semi} {Autonomous} {Driving} {System}},
	isbn        = {978-3-030-24642-6},
	url         = {http://link.springer.com/10.1007/978-3-030-24643-3_71},
	urldate     = {2023-03-23},
	booktitle   = {Proceeding of the {International} {Conference} on {Computer} {Networks}, {Big} {Data} and {IoT} ({ICCBI} - 2018)},
	publisher   = {Springer International Publishing},
	author      = {Veeraraghavan, A. K. and Ranga Charan, S.},
	editor      = {Pandian, A. Pasumpon and Senjyu, Tomonobu and Islam, Syed Mohammed Shamsul and Wang, Haoxiang},
	year        = {2020},
	doi         = {10.1007/978-3-030-24643-3_71},
	keywords    = {SCOPUS, ESR, Autonomous vehicle, Embedded system, Microcontroller},
	pages       = {591--599},
}

@inproceedings{Bansal2022,
	title       = {Environmental {Sound} {Classification} using {Hybrid} {Ensemble} {Model}},
	volume      = {218},
	doi         = {10.1016/j.procs.2023.01.024},
	booktitle   = {Procedia {Computer} {Science}},
	author      = {Bansal, A and Garg, N K},
	year        = {2022},
	keywords    = {Ensemble learning, Feature extraction, SCOPUS, ESR},
	pages       = {418--428},
}

@inproceedings{Belo2022,
	address     = {New York, NY, USA},
	title       = {{AUIT} – the {Adaptive} {User} {Interfaces} {Toolkit} for {Designing} {XR} {Applications}},
	isbn        = {978-1-4503-9320-1},
	url         = {https://dl.acm.org/doi/10.1145/3526113.3545651},
	doi         = {10.1145/3526113.3545651},
	language    = {English},
	booktitle   = {The 35th {Annual} {ACM} {Symposium} on {User} {Interface} {Software} and {Technology}},
	publisher   = {ACM},
	author      = {Evangelista Belo, João Marcelo and Lystbæk, Mathias N. and Feit, Anna Maria and Pfeuffer, Ken and Kán, Peter and Oulasvirta, Antti and Grønbæk, Kaj},
	month       = oct,
	year        = {2022},
	note        = {Series Title: UIST 2022 - Proceedings of the 35th Annual ACM Symposium on User Interface Software and Technology; },
	keywords    = {PEL214, adaptive user interfaces, context-awareness, extended reality, multi-objective optimization, toolkit},
	pages       = {1--16},
}

@inproceedings{Bountourakis2015,
	address     = {New York, NY, USA},
	title       = {Machine {Learning} {Algorithms} for {Environmental} {Sound} {Recognition}: {Towards} {Soundscape} {Semantics}},
	isbn        = {978-1-4503-3896-7},
	doi         = {10.1145/2814895.2814905},
	booktitle   = {Proceedings of the {Audio} {Mostly} 2015 on {Interaction} {With} {Sound}},
	publisher   = {Association for Computing Machinery},
	author      = {Bountourakis, Vasileios and Vrysis, Lazaros and Papanikolaou, George},
	year        = {2015},
	note        = {Series Title: AM '15},
	keywords    = {Feature extraction, Machine learning, Semantic\_Scholar, ESR},
}

@inproceedings{Bubashait2021,
	title       = {Urban {Sound} {Classification} {Using} {DNN}, {CNN} {LSTM} a {Comparative} {Approach}},
	isbn        = {978-1-66544-032-5},
	doi         = {10.1109/3ICT53449.2021.9581339},
	booktitle   = {2021 {International} {Conference} on {Innovation} and {Intelligence} for {Informatics}, {Computing}, and {Technologies}, {3ICT} 2021},
	publisher   = {Institute of Electrical and Electronics Engineers Inc.},
	author      = {Bubashait, Mohamed and Hewahi, Nabil},
	month       = sep,
	year        = {2021},
	keywords    = {CNN, Artigo, Conferência, CRNN, DNN, Librosa, LSTM, Sound Classification, Spectrograms},
	pages       = {46--50},
}

@inproceedings{Chachada2013,
	title       = {Environmental sound recognition: {A} survey},
	doi         = {10.1109/APSIPA.2013.6694338},
	booktitle   = {2013 {Asia}-{Pacific} {Signal} and {Information} {Processing} {Association} {Annual} {Summit} and {Conference}},
	author      = {Chachada, Sachin and Kuo, C.-C. Jay},
	year        = {2013},
	keywords    = {IEEE\_Xplore, Mel frequency cepstral coefficient;Feature extraction;Hidden Markov models;Speech;Accuracy;Atomic clocks},
	pages       = {1--9},
}

@inproceedings{Chaturvedi2023,
	title       = {Classification of {Sound} using {Convolutional} {Neural} {Networks}},
	url         = {https://ieeexplore.ieee.org/document/10072823},
	doi         = {10.1109/IC3I56241.2022.10072823},
	urldate     = {2023-10-08},
	booktitle   = {2022 5th {International} {Conference} on {Contemporary} {Computing} and {Informatics} ({IC3I})},
	author      = {Chaturvedi, Abhay and Yadav, Suman Avdhesh and Salman, Hayder M and Goyal, Himanshu Rai and Gebregziabher, Haftom and Rao, A Kakoli},
	year        = {2022},
	keywords    = {CNN, IEEE\_Xplore, ESR, Not\_in\_related\_work},
	pages       = {1015--1019},
}

@inproceedings{Chen2021,
	title       = {Two-stream convolutional neural networks based on a self-attention mechanism for environmental sound classification},
	volume      = {5},
	isbn        = {2693-3128},
	doi         = {10.1109/ITNEC52019.2021.9587213},
	booktitle   = {2021 {IEEE} 5th {Information} {Technology},{Networking},{Electronic} and {Automation} {Control} {Conference} ({ITNEC})},
	author      = {Chen, Z and Yin, B},
	year        = {2021},
	keywords    = {Convolutional neural networks, Environmental sound classification, Environment\_Sound\_Recognition, convolutional neural network, IEEE\_Xplore, Conferences, data augmentation, Data models, decision-level fusion, Fuses, Network architecture, Neural networks, self-attention mechanism, Smart homes},
	pages       = {1047--1051},
}

@inproceedings{Choromanska2014,
	title       = {The {Loss} {Surfaces} of {Multilayer} {Networks}},
	booktitle   = {International {Conference} on {Artificial} {Intelligence} and {Statistics}},
	author      = {Choromańska, Anna and Henaff, Mikael and Mathieu, Michaël and Arous, Gérard Ben and LeCun, Yann},
	year        = {2014},
	note        = {arXiv: 1412.0233v3},
	keywords    = {Semantic\_Scholar},
}

@inproceedings{DCASE2017,
	title       = {{DCASE} 2017 {Challenge} {Setup}: {Tasks}, {Datasets} and {Baseline} {System}},
	url         = {https://inria.hal.science/hal-01627981},
	urldate     = {2023-05-13},
	booktitle   = {Proceedings of the {Detection} and {Classification} of {Acoustic} {Scenes} and {Events} 2017 {Workshop} ({DCASE2017})},
	author      = {Mesaros, A and Heittola, T and Diment, A and Elizalde, B and Shah, A and Vincent, E and Raj, B and Virtanen, T},
	month       = nov,
	year        = {2017},
	keywords    = {classification, dataset, environmental sound, Acoustic scene classification, Audio tagging, Rare sound events, Sound event detection, Sound scene analysis},
	pages       = {85--92},
}

@inproceedings{Du2019,
	address     = {Neuburg an der Donau, Germany},
	title       = {Automotive microphone performance: {From} specification to user experience},
	volume      = {2019-September},
	url         = {http://www.aes.org/e-lib/browse.cfm?elib=20531},
	urldate     = {2023-05-27},
	booktitle   = {Procedings [...]},
	publisher   = {Audio Engineering Society},
	author      = {Du, Yu and Dobos, Viktor and Varga, Bálazs and Yang, Ruiting},
	year        = {2019},
	note        = {tex.venue: Neuburg an der Donau, Germany, tex.eventyear: 2019},
	pages       = {p. (paper 5)},
}

@inproceedings{Du2022,
	address     = {Dearborn, USA},
	title       = {A {Study} on {Speech} {Intelligibility} {Performance} of {Automotive} {Voice} {Microphones}},
	volume      = {2022-June},
	url         = {http://www.aes.org/e-lib/browse.cfm?elib=21803},
	urldate     = {2023-05-27},
	booktitle   = {Procedings [...]},
	publisher   = {Audio Engineering Society},
	author      = {Du, Yu and Varga, Bálaz and Dobos, Viktor},
	year        = {2022},
	note        = {tex.venue: Dearborn, USA, tex.eventyear: 2022},
	pages       = {p. (paper 2)},
}

@inproceedings{Ebbers2021,
	title       = {Adapting {Sound} {Recognition} to {A} {New} {Environment} {Via} {Self}-{Training}},
	isbn        = {2076-1465},
	doi         = {10.23919/EUSIPCO54536.2021.9616009},
	booktitle   = {2021 29th {European} {Signal} {Processing} {Conference} ({EUSIPCO})},
	author      = {Ebbers, J and Keyser, M C and Haeb-Umbach, R},
	year        = {2021},
	keywords    = {Environment\_Sound\_Recognition, IEEE\_Xplore, acoustic sensor network, Acoustic sensors, Ambient assisted living, domain adaptation, Europe, scene classification, self-training, Sensor phenomena and characterization, Signal processing, sound recognition, Target recognition, Training data},
	pages       = {1135--1139},
}

@inproceedings{Eyben2010,
	address     = {New York, NY, USA},
	title       = {Opensmile: {The} {Munich} {Versatile} and {Fast} {Open}-{Source} {Audio} {Feature} {Extractor}},
	isbn        = {978-1-60558-933-6},
	url         = {https://doi.org/10.1145/1873951.1874246},
	doi         = {10.1145/1873951.1874246},
	booktitle   = {Proceedings of the 18th {ACM} {International} {Conference} on {Multimedia}},
	publisher   = {Association for Computing Machinery},
	author      = {Eyben, Florian and Wöllmer, Martin and Schuller, Björn},
	year        = {2010},
	note        = {Series Title: MM '10},
	keywords    = {audio feature extraction, emotion, music, signal processing, speech, statistical functionals},
	pages       = {1459--1462},
}

@inproceedings{Font_freesound2013,
	address     = {New York, NY, USA},
	title       = {Freesound {Technical} {Demo}},
	isbn        = {978-1-4503-2404-5},
	doi         = {10.1145/2502081.2502245},
	booktitle   = {Proceedings of the 21st {ACM} {International} {Conference} on {Multimedia}},
	publisher   = {Association for Computing Machinery},
	author      = {Font, Frederic and Roma, Gerard and Serra, Xavier},
	year        = {2013},
	note        = {Series Title: MM '13},
	keywords    = {ACM\_digital\_library, Database, Not\_in\_related\_work},
	pages       = {411--412},
}

@inproceedings{Gloaguen2019,
	title       = {{STUDY} {OF} {THE} {NON}-{NEGATIVE} {MATRIX} {FACTORIZATION} {BE}- {HAVIOR} {TO} {ESTIMATE} {THE} {URBAN} {TRAFFIC} {SOUND} {LEVELS}},
	author      = {Gloaguen, Jean-Rémy and Lagrange, Mathieu and Can, Arnaud and Petiot, Jean-François},
	year        = {2019},
	keywords    = {Environment\_Sound\_Recognition, Semantic\_Scholar},
}

@inproceedings{Harte2006,
	address     = {New York, NY, USA},
	title       = {Detecting harmonic change in musical audio},
	isbn        = {1-59593-501-0},
	doi         = {10.1145/1178723.1178727},
	booktitle   = {Proceedings of the 1st {ACM} {Workshop} on {Audio} and {Music} {Computing} {Multimedia}},
	publisher   = {Association for Computing Machinery},
	author      = {Harte, Christopher and Sandler, Mark and Gasser, Martin},
	year        = {2006},
	note        = {Series Title: AMCMM '06},
	keywords    = {music, audio, harmonic, pitch space, segmentation},
	pages       = {21--26},
}

@inproceedings{Hecht-Nielsen1987,
	address     = {San Diego, CA},
	title       = {Kolmogorov's {Mapping} {Neural} {Network} {Existence} {Theorem}},
	volume      = {3},
	url         = {https://api.semanticscholar.org/CorpusID:118526925},
	booktitle   = {First {IEEE} {International} {Conference} on {Neural} {Networks}},
	publisher   = {Piscataway, NJ: IEEE},
	author      = {Hecht-Nielsen, Robert},
	year        = {1987},
	keywords    = {Semantic\_scholar},
	pages       = {11--14},
}

@inproceedings{Huang2023,
	title       = {"{Not} {There} {Yet}": {Feasibility} and {Challenges} of {Mobile} {Sound} {Recognition} to {Support} {Deaf} and {Hard}-of-{Hearing} {People}},
	doi         = {10.1145/3597638.3608431},
	booktitle   = {{ASSETS} 2023 - {Proceedings} of the 25th {International} {ACM} {SIGACCESS} {Conference} on {Computers} and {Accessibility}},
	author      = {Huang, Jeremy Zhengqi and Chhabria, Hriday and Jain, Dhruv},
	year        = {2023},
	keywords    = {SCOPUS},
}

@inproceedings{Jeong2022,
	title       = {Constructing an {Audio} {Dataset} of {Construction} {Equipment} from {Online} {Sources} for {Audio}-{Based} {Recognition}},
	volume      = {2022-December},
	doi         = {10.1109/WSC57314.2022.10015388},
	booktitle   = {Proceedings - {Winter} {Simulation} {Conference}},
	author      = {Jeong, Gilsu and Ahn, Changbum R and Park, Moonseo},
	year        = {2022},
	keywords    = {SCOPUS},
	pages       = {2354 -- 2364},
}

@inproceedings{Jiang2002,
	title       = {Music type classification by spectral contrast feature},
	volume      = {1},
	doi         = {10.1109/ICME.2002.1035731},
	booktitle   = {{IEEE} {International} {Conference} on {Multimedia} and {Expo}},
	author      = {Jiang, Dan-Ning and Lu, Lie and Zhang, Hong-Jiang and Tao, Jian-Hua and Cai, Lian-Hong},
	year        = {2002},
	keywords    = {IEEE\_Xplore, Multiple signal classification;Mel frequency cepstral coefficient;Cepstral analysis;Asia;Spatial databases;Hidden Markov models;Computer science;Technology management;Modems;History},
	pages       = {113--116},
}

@inproceedings{Lin2020,
	title       = {Environmental {Sound} classification},
	author      = {Lin, Tong},
	year        = {2020},
	keywords    = {Environment\_Sound\_Recognition, Semantic\_Scholar},
}

@inproceedings{McFee2015librosa_conf,
	title       = {librosa: {Audio} and {Music} {Signal} {Analysis} in {Python}},
	url         = {http://dx.doi.org/10.25080/Majora-7b98e3ed-003},
	doi         = {10.25080/Majora-7b98e3ed-003},
	urldate     = {2023-08-17},
	booktitle   = {Proceedings of the 14th {Python} in {Science} {Conference}},
	author      = {McFee, Brian and Raffel, Colin and Liang, Dawen and Ellis, Daniel P W and McVicar, Matt and Battenberg, Eric and Nieto, Oriol},
	editor      = {Huff, Kathryn and Bergstra, James},
	year        = {2015},
	keywords    = {Semantic\_Scholar},
	pages       = {18 -- 24},
}

@inproceedings{Muntean2023,
	address     = {Singapore},
	title       = {Metrics for {Evaluating} {Classification} {Algorithms}},
	isbn        = {978-981-19675-5-9},
	booktitle   = {Education, {Research} and {Business} {Technologies}},
	publisher   = {Springer Nature Singapore},
	author      = {Muntean, Mihaelaand and Militaru, Florin-Daniel},
	editor      = {Ciurea, Cristian and Pocatilu, Pauland and Filip, Florian Gheorghe},
	year        = {2023},
	pages       = {307--317},
}

@inproceedings{Niranjan2021,
	title       = {Ensemble and {Multi} {Model} approach to {Environmental} {Sound} {Classification}},
	isbn        = {978-1-66541-480-7},
	doi         = {10.1109/ICECCT52121.2021.9616775},
	booktitle   = {2021 4th {International} {Conference} on {Electrical}, {Computer} and {Communication} {Technologies}, {ICECCT} 2021},
	publisher   = {Institute of Electrical and Electronics Engineers Inc.},
	author      = {Niranjan, K. and Shankar Kumar, S. and Vedanth, S.},
	year        = {2021},
	keywords    = {Artigo, Conferência, Sound Classification, Spectrograms, Convolution Neural Network, Deep Learning, Ensemble, Multi-Model},
}

@inproceedings{Olteanu2019,
	title       = {Fusion of speech techniques for automatic environmental sound recognition},
	doi         = {10.1109/SPED.2019.8906574},
	booktitle   = {2019 {International} {Conference} on {Speech} {Technology} and {Human}-{Computer} {Dialogue} ({SpeD})},
	author      = {Olteanu, E and Miu, D O and Drosu, A and Segarceanu, S and Suciu, G and Gavat, I},
	year        = {2019},
	keywords    = {AESR, Environment\_Sound\_Recognition, IEEE\_Xplore, DTW, fusion of results, MFCC –GMM, speech technology},
	pages       = {1--8},
}

@inproceedings{Pareta2019,
	title       = {Automatic {Environment} {Sounds} {Classification} {Using} {Optimum} {Allocation} {Sampling}},
	isbn        = {978-1-72814-740-6},
	doi         = {10.1109/ICRAE48301.2019.9043832},
	booktitle   = {2019 4th {International} {Conference} on {Robotics} and {Automation} {Engineering}, {ICRAE} 2019},
	author      = {Pareta, A. and Taran, S. and Bajaj, V. and Sengur, A.},
	year        = {2019},
	keywords    = {Environment\_Sound\_Classification, SCOPUS},
	pages       = {69--73},
}

@inproceedings{Park2019,
	title       = {Specaugment: {A} simple data augmentation method for automatic speech recognition},
	volume      = {2019-September},
	doi         = {10.21437/Interspeech.2019-2680},
	booktitle   = {Proceedings of the {Annual} {Conference} of the {International} {Speech} {Communication} {Association}, {INTERSPEECH}},
	author      = {Park, Daniel S and Chan, William and Zhang, Yu and Chiu, Chung-Cheng and Zoph, Barret and Cubuk, Ekin D and Le, Quoc V},
	year        = {2019},
	keywords    = {Data augmentation, Speech recognition},
	pages       = {2613--2617},
}

@inproceedings{Patil2019,
	address     = {GEWERBESTRASSE 11, CHAM, CH-6330, SWITZERLAND},
	title       = {Content-{Based} {Audio} {Classification} and {Retrieval} {Using} {Segmentation}, {Feature} {Extraction} and {Neural} {Network} {Approach}},
	volume      = {924},
	isbn        = {978-981-13-6861-5},
	doi         = {10.1007/978-981-13-6861-5_23},
	language    = {English},
	booktitle   = {{ADVANCES} {IN} {COMPUTER} {COMMUNICATION} {AND} {COMPUTATIONAL} {SCIENCES}, {IC4S} 2018},
	publisher   = {SPRINGER INTERNATIONAL PUBLISHING AG},
	author      = {Patil, Nilesh M and Nemade, Milind U},
	editor      = {Bhatia, S K and Tiwari, S and Mishra, K K and Trivedi, M C},
	year        = {2019},
	note        = {Series Title: Advances in Intelligent Systems and Computing},
	keywords    = {Environment\_Sound\_Classification, SVM; k-NN; PNN; FPNN; Accuracy; Recall; Precision, Web\_of\_Science},
	pages       = {263--281},
}

@inproceedings{Rogers2000,
	title       = {Adaptive user interfaces for automotive environments},
	isbn        = {0-7803-6363-9},
	url         = {http://ieeexplore.ieee.org/document/898424/},
	doi         = {10.1109/IVS.2000.898424},
	booktitle   = {Proceedings of the {IEEE} {Intelligent} {Vehicles} {Symposium} 2000 ({Cat}. {No}.{00TH8511})},
	publisher   = {IEEE},
	author      = {Rogers, Seth and Fiechter, Claude-Nicolas and Thompson, Cynthia},
	year        = {2000},
	keywords    = {PEL214, projeto\_IHC},
	pages       = {662--667},
}

@inproceedings{Salamon2014,
	address     = {New York, NY, USA},
	title       = {A {Dataset} and {Taxonomy} for {Urban} {Sound} {Research}},
	isbn        = {978-1-4503-3063-3},
	doi         = {10.1145/2647868.2655045},
	booktitle   = {Proceedings of the 22nd {ACM} international conference on {Multimedia}},
	publisher   = {ACM},
	author      = {Salamon, Justin and Jacoby, Christopher and Bello, Juan Pablo},
	month       = nov,
	year        = {2014},
	keywords    = {classification, dataset, environmental sound},
	pages       = {1041--1044},
}

@inproceedings{Saraubon2018,
	title       = {A {Smart} {System} for {Elderly} {Care} using {IoT} and {Mobile} {Technologies}},
	doi         = {10.1145/3301761.3301769},
	booktitle   = {{ICSEB} 18},
	author      = {Saraubon, Kobkiat and Anurugsa, Keattisuk and Kongsakpaibul, Adichart},
	year        = {2018},
	keywords    = {Semantic\_Scholar},
}

@inproceedings{Seker2020,
	title       = {{CnnSound}: {Convolutional} {Neural} {Networks} for the {Classification} of {Environmental} {Sounds}},
	isbn        = {978-1-4503-8784-2},
	doi         = {10.1145/3441417.3441431},
	booktitle   = {{ACM} {International} {Conference} {Proceeding} {Series}},
	publisher   = {Association for Computing Machinery},
	author      = {Seker, Huseyin and Inik, Ozkan},
	month       = oct,
	year        = {2020},
	keywords    = {Artigo, Conferência, Deep Learning, Convolutional Neural Networks (CNN), Environmental sound classification (ESC), Urbansound8k},
	pages       = {79--84},
}

@inproceedings{Sena2022,
	address     = {AV D MANUELL, 27A 2 ESQ, SETUBAL, 2910-595, PORTUGAL},
	title       = {{AUDIO}-{MC}: {A} {General} {Framework} for {Multi}-context {Audio} {Classification}},
	isbn        = {978-989-758-569-2},
	doi         = {10.5220/0011071500003179},
	language    = {English},
	booktitle   = {{ICEIS}: {PROCEEDINGS} {OF} {THE} {24TH} {INTERNATIONAL} {CONFERENCE} {ON} {ENTERPRISE} {INFORMATION} {SYSTEMS} - {VOL} 1},
	publisher   = {SCITEPRESS},
	author      = {Sena, Lucas B. and Praciano, Francisco D. B. S. and Chaves, Iago C. and Brito, Felipe T and Duarte Neto, Eduardo Rodrigues and Monteiro, Jose Maria and Machado, Javam C.},
	editor      = {Filipe, J. and Smialek, M. and Brodsky, A and Hammoudi, S.},
	year        = {2022},
	pages       = {374--383},
}

@inproceedings{Shabtai2019,
	address     = {Paris, France},
	title       = {Detecting the direction of emergency vehicle sirens with microphones},
	doi         = {10.25836/sasp.2019.22},
	booktitle   = {{EAA} {Spatial} {Audio} {Signal} {Processing} {Symposium}},
	author      = {Shabtai, Noam R and Tzirkel, Eli},
	month       = sep,
	year        = {2019},
	keywords    = {Autonomous vehicle, Siren detection},
	pages       = {137--142},
}

@inproceedings{Sharma2020,
	title       = {Environment sound classification using multiple feature channels and attention based deep convolutional neural network},
	volume      = {2020-Octob},
	doi         = {10.21437/Interspeech.2020-1303},
	booktitle   = {Proceedings of the {Annual} {Conference} of the {International} {Speech} {Communication} {Association}, {INTERSPEECH}},
	author      = {Sharma, J. and Granmo, O.-C. and Goodwin, M.},
	year        = {2020},
	keywords    = {Environment\_Sound\_Classification, SCOPUS},
	pages       = {1186--1190},
}

@inproceedings{Sharma2021,
	address     = {Singapore},
	title       = {Emergency detection with environment sound using deep convolutional neural networks},
	isbn        = {978-981-15-5859-7},
	doi         = {DOI: 10.1007/978-981-15-5859-7_14},
	booktitle   = {Proceedings of {Fifth} {International} {Congress} on {Information} and {Communication} {Technology}},
	publisher   = {Springer Singapore},
	author      = {Sharma, Jivitesh and Granmo, Ole-Christoffer and Goodwin, Morten},
	year        = {2021},
	keywords    = {CNN, Deep learning, Semantic\_Scholar, ESR, Emergency detection},
	pages       = {144--154},
}

@inproceedings{Tang2019,
	title       = {Deep {CNN} {Framework} for {Environmental} {Sound} {Classification} using {Weighting} {Filters}},
	isbn        = {978-1-72811-698-3},
	doi         = {10.1109/ICMA.2019.8816567},
	booktitle   = {Proceedings of 2019 {IEEE} {International} {Conference} on {Mechatronics} and {Automation}, {ICMA} 2019},
	author      = {Tang, B. and Li, Y. and Li, X. and Xu, L. and Yan, Y. and Yang, Q.},
	year        = {2019},
	keywords    = {Environment\_Sound\_Classification, SCOPUS},
	pages       = {2297--2302},
}

@inproceedings{Tripathi2022,
	title       = {Revamped {Knowledge} {Distillation} for {Sound} {Classification}},
	doi         = {10.1109/IJCNN55064.2022.9892474},
	booktitle   = {2022 {International} {Joint} {Conference} on {Neural} {Networks} ({IJCNN})},
	author      = {Tripathi, Achyut Mani and Mishra, Aakansha},
	month       = jul,
	year        = {2022},
	note        = {ISSN: 2161-4407},
	keywords    = {Environment\_Sound\_Classification, IEEE\_Xplore, Knowledge engineering;Visualization;Neural networks;Benchmark testing;Spectrogram},
	pages       = {1--8},
}

@inproceedings{WangY2021,
	title       = {Environment {Sound} {Classification} ({ESC}) with {Choquet} {Integral} {Fusion}},
	doi         = {10.1109/SSCI50451.2021.9660148},
	booktitle   = {2021 {IEEE} {Symposium} {Series} on {Computational} {Intelligence} ({SSCI})},
	author      = {Wang, Yilin and Havens, Timothy C and Barnard, Andrew},
	month       = dec,
	year        = {2021},
	keywords    = {Environment\_Sound\_Classification, IEEE\_Xplore, Machine learning algorithms;Computational modeling;Machine learning;Computer architecture;Benchmark testing;Transformers;Data models;Decision-level fusion;Choquet integral;vision transformer;CNN;acoustic processing},
	pages       = {1--7},
}

@inproceedings{Yin2023,
	title       = {Real-{Time} {Acoustic} {Perception} for {Automotive} {Applications}},
	doi         = {10.23919/DATE56975.2023.10137209},
	booktitle   = {2023 {Design}, {Automation} \& {Test} in {Europe} {Conference} \& {Exhibition} ({DATE})},
	author      = {Yin, J and Damiano, S and Verhelst, M and Waterschoot, T van and Guntoro, A},
	year        = {2023},
	keywords    = {IEEE\_Xplore, ESR, Autonomous vehicle, Regular passenger car},
	pages       = {1--6},
}

@inproceedings{Zhang2020,
	title       = {Environment {Sound} {Classification} {System} {Based} on {Hybrid} {Feature} and {Convolutional} {Neural} {Network}},
	author      = {Zhang, Kecheng and Su, Yu and Wang, Jingyu and Wang, Sanyu and Zhang, Yanhua},
	year        = {2020},
	keywords    = {Environment\_Sound\_Classification, Semantic\_Scholar},
}

@inproceedings{Zhao2021,
	title       = {Environmental sound classification based on adding noise},
	volume      = {2},
	doi         = {10.1109/ICIBA52610.2021.9688248},
	booktitle   = {2021 {IEEE} 2nd {International} {Conference} on {Information} {Technology}, {Big} {Data} and {Artificial} {Intelligence} ({ICIBA})},
	author      = {Zhao, Wen and Yin, Bo},
	month       = dec,
	year        = {2021},
	keywords    = {Environment\_Sound\_Classification, IEEE\_Xplore, Training;Soft sensors;Neural networks;Noise reduction;Interference;White noise;Classification algorithms;environmental sound classification;noise addition;signal-to-noise ratio;neural network},
	pages       = {887--892},
}

@misc{Anaconda86,
	title       = {Anaconda: {The} {World}’s {Most} {Popular} {Data} {Science} {Platform}},
	url         = {https://www.anaconda.com/},
	urldate     = {2023-12-23},
	author      = {{Anaconda}},
	year        = {2023},
}

@misc{Aptiv2020,
	title       = {What {Is} an {Electronic} {Control} {Unit}?},
	url         = {https://www.aptiv.com/en/insights/article/what-is-an-electronic-control-unit},
	author      = {{APTIV}},
	month       = feb,
	year        = {2020},
}

@misc{Audacity2024,
	title       = {Audacity® ({Version} 3.1.2)},
	url         = {https://www.audacityteam.org/},
	author      = {{Team Audacity}},
	month       = jan,
	year        = {2024},
}

@misc{BBC2023,
	title       = {Complete {Sound} {Effects} {Library}},
	url         = {https://sound-effects.bbcrewind.co.uk/},
	urldate     = {2023-12-09},
	author      = {{BBC}},
	year        = {2023},
	keywords    = {Database, Not\_in\_related\_work},
}

@misc{BOSCH2024,
	title       = {Embedded siren detection {\textbar} {Bosch} {Global}},
	url         = {https://www.bosch.com/stories/embedded-siren-detection/},
	author      = {{BOSCH}},
	month       = jan,
	year        = {2024},
	keywords    = {Sensor, Siren detection},
}

@misc{BURY2024,
	title       = {{BURY} {Automotive} ({OEM}) acoustics microphones},
	url         = {https://www.bury.com/en/products/microphones/},
	urldate     = {2024-01-06},
	author      = {{BURY}},
	month       = jan,
	year        = {2024},
}

@misc{GoogleTPU2024,
	title       = {Introduction to {Cloud} {TPU}},
	url         = {https://cloud.google.com/tpu/docs/intro-to-tpu},
	author      = {{Google Cloud}},
	month       = feb,
	year        = {2024},
}

@misc{IndoML2018,
	title       = {Student {Notes}: {Convolutional} {Neural} {Networks} ({CNN}) {Introduction} – {Belajar} {Pembelajaran} {Mesin} {Indonesia}},
	url         = {https://indoml.com/2018/03/07/student-notes-convolutional-neural-networks-cnn-introduction/},
	author      = {{IndoML}},
	month       = feb,
	year        = {2018},
}

@misc{Infineon2024,
	title       = {Automotive {Head} {Unit} - {Infineon} {Technologies}},
	url         = {https://www.infineon.com/cms/en/applications/automotive/infotainment/head-unit/#!products},
	author      = {{Infineon}},
	month       = feb,
	year        = {2024},
}

@misc{IntelFPGA2024,
	title       = {Intel® {FPGAs} and {Programmable} {Devices}-{Intel}®  {FPGA}},
	url         = {https://www.intel.com/content/www/us/en/products/programmable.html},
	author      = {{Intel}},
	month       = feb,
	year        = {2024},
}

@misc{ISPOT2020,
	title       = {I-{SPOT}},
	url         = {https://i-spot-project.eu/},
	urldate     = {2024-01-12},
	author      = {{I-SPOT}},
	month       = jan,
	year        = {2020},
	keywords    = {ESR, Autonomous vehicle, Embedded system},
}

@misc{KerasDee32,
	title       = {Keras: {Deep} {Learning} for {Humans}},
	url         = {https://keras.io/},
	urldate     = {2023-12-23},
	author      = {{Keras}},
	year        = {2023},
}

@misc{McFee2015librosa_sw,
	title       = {librosa/librosa: 0.10.1},
	url         = {https://doi.org/10.5281/zenodo.8252662},
	publisher   = {Zenodo},
	author      = {McFee, Brian and McVicar, Matt and Faronbi, Daniel and Roman, Iran and Gover, Matan and Balke, Stefan and Seyfarth, Scott and Malek, Ayoub and Raffel, Colin and Lostanlen, Vincent and van Niekirk, Benjamin and Lee, Dana and Cwitkowitz, Frank and Zalkow, Frank and Nieto, Oriol and Ellis, Dan and Mason, Jack and Lee, Kyungyun and Steers, Bea and Halvachs, Emily and Thomé, Carl and Robert-Stöter, Fabian and Bittner, Rachel and Wei, Ziyao and Weiss, Adam and Battenberg, Eric and Choi, Keunwoo and Yamamoto, Ryuichi and Carr, CJ and Metsai, Alex and Sullivan, Stefan and Friesch, Pius and Krishnakumar, Asmitha and Hidaka, Shunsuke and Kowalik, Steve and Keller, Fabian and Mazur, Dan and Chabot-Leclerc, Alexandre and Hawthorne, Curtis and Ramaprasad, Chandrashekhar and Keum, Myungchul and Gomez, Juanita and Monroe, Will and Morozov, Viktor Andreevitch and Eliasi, Kian and {nullmightybofo} and Biberstein, Paul and Sergin, N. Dorukhan and Hennequin, Romain and Naktinis, Rimvydas and {beantowel} and Kim, Taewoon and Åsen, Jon Petter and Lim, Joon and Malins, Alex and Hereñú, Darío and van der Struijk, Stef and Nickel, Lorenz and Wu, Jackie and Wang, Zhen and Gates, Tim and Vollrath, Matt and Sarroff, Andy and {Xiao-Ming} and Porter, Alastair and Kranzler, Seth and {Voodoohop} and Gangi, Mattia Di and Jinoz, Helmi and Guerrero, Connor and Mazhar, Abduttayyeb and {toddrme2178} and Baratz, Zvi and Kostin, Anton and Zhuang, Xinlu and Lo, Cash TingHin and Campr, Pavel and Semeniuc, Eric and Biswal, Monsij and Moura, Shayenne and Brossier, Paul and Lee, Hojin and Pimenta, Waldir},
	month       = aug,
	year        = {2023},
	doi         = {10.5281/zenodo.8252662},
}

@misc{McKinsey2023,
	title       = {Autonomous driving’s future: {Convenient} and connected},
	url         = {https://www.mckinsey.com/industries/automotive-and-assembly/our-insights/autonomous-drivings-future-convenient-and-connected},
	urldate     = {2024-01-04},
	author      = {{Deichmann, Johannes} and {Ebel, Eike} and {Heineke, Kersten} and {Heuss, Ruth} and {Kellner, Martin} and {Steiner, Fabian}},
	month       = jan,
	year        = {2023},
}

@misc{PiczakESC2015,
	title       = {{ESC}: {Dataset} for {Environmental} {Sound} {Classification}},
	doi         = {doi/10.7910/DVN/YDEPUT},
	publisher   = {Harvard Dataverse},
	author      = {Piczak, Karol J.},
	year        = {2015},
	keywords    = {classification, dataset, environmental sound},
}

@misc{Raspberry2023,
	title       = {Raspberry {Pi} 4 {Model} {B}},
	url         = {https://www.raspberrypi.com/products/raspberry-pi-4-model-b/},
	urldate     = {2024-01-05},
	author      = {{Raspberry Pi}},
	month       = jan,
	year        = {2023},
}

@misc{ReSpeake72,
	title       = {{ReSpeaker} {Mic} {Array} v2.0 {Seeed} {Studio} {Wiki}},
	url         = {https://wiki.seeedstudio.com/ReSpeaker_Mic_Array_v2.0/},
	urldate     = {2024-01-05},
	author      = {{Seeed Studio}},
	month       = jan,
	year        = {2021},
}

@misc{Roadstar2021,
	title       = {Roadstar - {The} {Power} of {Sound}},
	url         = {http://www.roadstarbrasil.com.br/rs120mic.php},
	urldate     = {2024-01-06},
	author      = {{Roadstar}},
	month       = jan,
	year        = {2021},
}

@misc{SAE2021,
	title       = {Levels of {Driving} {Automation} {Refined} for {Clarity} and {International} {Audience}},
	url         = {https://www.sae.org/blog/sae-j3016-update},
	urldate     = {2024-01-04},
	author      = {{SAE}},
	month       = jan,
	year        = {2021},
}

@misc{scikitle61,
	title       = {scikit-learn: {Machine} {Learning} in {Python}},
	url         = {https://scikit-learn.org/stable/},
	urldate     = {2023-12-23},
	author      = {{scikit-learn}},
	year        = {2023},
}

@misc{TensorFl23,
	title       = {{TensorFlow}},
	url         = {https://www.tensorflow.org/},
	urldate     = {2023-12-23},
	author      = {{Tensorflow}},
	year        = {2023},
}

@misc{Teslanorth2023,
	title       = {Tesla {Model} {Y} {HW4} {Infotainment} {System}: {Lower} {Specs} vs {HW3} - {TeslaNorth}.com},
	url         = {https://teslanorth.com/2023/08/07/tesla-model-y-hw4-infotainment-system/},
	author      = {Tesla North},
	month       = feb,
	year        = {9},
}

@misc{UsingMac94:online,
	title       = {Using {Machine} {Learning} in {Safety}-{Critical} {Applications} {Setting} a {Research} {Agenda} {\textbar} {National} {Academies}},
	url         = {https://www.nationalacademies.org/our-work/using-machine-learning-in-safety-critical-applications-setting-a-research-agenda},
	urldate     = {2023-08-13},
	journal     = {National Academies},
	month       = feb,
	year        = {2023},
}

@misc{WAYMO2023,
	title       = {The {Waymo} {Driver}'s {Rapid} {Learning} {Curve}},
	url         = {https://waymo.com/blog/2023/08/the-waymo-drivers-rapid-learning-curve/},
	urldate     = {2024-01-21},
	author      = {{WAYMO}},
	month       = jan,
	year        = {2023},
	keywords    = {Microphone, Autonomous vehicle, Auto},
}

@misc{WIKIPEDIA_CM2022,
	title       = {Context model},
	url         = {https://en.wikipedia.org/wiki/Context_model},
	urldate     = {2022-10-23},
	author      = {{Wikipedia}},
	month       = oct,
	year        = {2022},
	keywords    = {PEL214},
}

@misc{WIKIPEDIA_UI2022,
	title       = {User interface},
	url         = {https://en.wikipedia.org/wiki/User_interface},
	urldate     = {2022-10-05},
	author      = {{Wikipedia}},
	month       = oct,
	year        = {2022},
	note        = {Medium: https://en.wikipedia.org/wiki/User\_interface},
	keywords    = {PEL214},
}

@misc{WIKIPEDIA_UM2022,
	title       = {Universal design},
	url         = {https://en.wikipedia.org/wiki/Universal_design},
	urldate     = {2022-10-05},
	author      = {{Wikipedia}},
	month       = oct,
	year        = {2022},
	note        = {Medium: https://en.wikipedia.org/wiki/Universal\_design},
	keywords    = {PEL214},
}

@patent{Ferguson2014,
	address     = {USA},
	title       = {Controlling autonomous vehicle using audio data},
	nationality = {USA},
	assignee    = {Google Inc., Mountain View, CA (US)},
	number      = {US8676427B1},
	author      = {Ferguson, David I. and Zhu, Jiajun},
	month       = mar,
	year        = {2014},
	note        = {Publisher: United States Patent},
	pages       = {1--12},
}

@phdthesis{Abreha2014,
	title       = {An environmental audio-based context recognition system using smartphones},
	url         = {http://essay.utwente.nl/66444/},
	author      = {Abreha, Gebremedhin Teklemariam},
	month       = aug,
	year        = {2014},
	keywords    = {ESR, Embedded system, Microcontroller},
}

@phdthesis{Nasiri2021a,
	address     = {South Caroline},
	title       = {Deep {Learning} {Based} {Sound} {Event} {Detection} and {Classification}},
	url         = {https://scholarcommons.sc.edu/etd},
	school      = {University of South Caroline},
	author      = {Nasiri, Alireza},
	year        = {2021},
	keywords    = {Tese},
}

@phdthesis{Nordby2019,
	address     = {Oslo, Norway},
	title       = {Environmental sound classification on microcontrollers using {Convolutional} {Neural} {Networks}},
	url         = {http://hdl.handle.net/11250/2611624},
	urldate     = {2023-10-07},
	school      = {Norwegian University of Life Sciences, Ås},
	author      = {Nordby, Jon Opedal},
	year        = {2019},
	keywords    = {CNN, Semantic\_Scholar, ESR, Microcontroller},
}

@phdthesis{Rothmund2018,
	address     = {Graz, Austria},
	title       = {A {Deep} {Learning} {Approach} to {Speech}, {Music} and {Environmental} {Noise} {Classification}},
	school      = {University of Music and Performing Arts Graz},
	author      = {Rothmund, Felix},
	month       = mar,
	year        = {2018},
	keywords    = {Deep learning, ESR},
}

@phdthesis{Wouter2021,
	address     = {Brussels},
	title       = {{DNN} for {Urban} {Sound} {Recognition} on an {FPGA}},
	url         = {https://researchportal.vub.be/nl/studentTheses/embedding-deep-neural-networks-for-urban-sound-recognition-on-an-},
	urldate     = {2022-09-28},
	school      = {Vrije Universiteit Brussel},
	author      = {Wouters, Nick},
	year        = {2021},
	keywords    = {Dissertação},
}

@techreport{Nasiri2021,
	title       = {{SoundCLR}: {Contrastive} {Learning} of {Representations} {For} {Improved} {Environmental} {Sound} {Classification}},
	url         = {http://arxiv.org/abs/2103.01929},
	author      = {Nasiri, Alireza and Hu, Jianjun},
	month       = mar,
	year        = {2021},
	note        = {arXiv: 2103.01929},
	keywords    = {Artigo, Revisão\_pares},
}

